2111 3622
949 133 1356 194 ...4ο-

324 268 563 348 corporis
602 259 948 329 transversim
987 273 1271 348 egreditur,
1311 272 1408 329 sed
1444 291 1554 328 uno
1602 272 1659 327 in
1695 274 1994 350 specimine

325 379 375 445 (e
415 376 667 430 Charadr.
706 376 873 446 Hiat.)
907 377 1019 432 vidi
1056 378 1293 431 maxime
1323 386 1642 451 porrectam,
1684 387 1737 432 et
1773 379 1849 434 ibi
1887 399 1999 435 cor·

324 501 428 555 pus
477 491 588 535 erat
637 481 691 534 in
739 481 847 535 fine
894 499 994 536 suo
1041 480 1268 554 paulum
1315 480 1626 547 incurvum,
1678 489 1731 535 et
1778 500 1848 535 ex
1891 479 2000 536 hoc

325 584 433 638 fine
482 584 854 657 egrediebatur
893 583 1098 638 collum
1147 602 1274 637 cum
1311 583 1651 658 proboscide,
1693 603 1886 658 parum
1923 583 2001 638 in-

327 687 586 742 clinatum
645 695 856 741 tantum
919 686 985 740 ad
1042 686 1198 742 latus.
1297 685 1444 757 Quot
1500 686 1824 742 uncinorum
1883 706 2001 762 pro-

326 790 562 845 boscidis
601 791 767 845 series
807 790 1101 856 obtineant,
1153 788 1341 844 afferre
1387 809 1619 864 neque0‚
1670 808 1795 845 cum
1833 789 2005 845 nimia

329 894 385 948 in
435 893 829 966 distinguendis
877 892 1153 947 uncinulis
1203 893 1430 966 singulis
1484 894 1736 949 obveniat
1783 893 2006 948 difficul-

330 1005 430 1052 tas.
519 997 735 1052 Collum
791 996 1172 1052 brevissimum
1229 997 1435 1053 sensim
1502 998 1558 1052 in
1624 1017 1821 1072 corpus
1878 996 2004 1051 abit.

331 1100 463 1156 Hoc
499 1120 629 1155 mox
666 1101 949 1155 latitudine
984 1100 1275 1175 valdopere
1316 1102 1525 1169 crescit,
1572 1110 1634 1156 ut
1673 1101 1808 1156 adeo
1845 1120 2006 1175 supra

334 1203 621 1276 allegatam
669 1205 725 1257 in
785 1204 1062 1259 nonnullis
1111 1205 1500 1279 speciminibus
1549 1213 1892 1279 assequatur,
1943 1203 2009 1258 ad

335 1306 564 1376 caudam
613 1316 726 1360 tum
777 1307 973 1361 iterum
1019 1309 1222 1363 sensim
1271 1308 1561 1376 decrescit3
1605 1308 1831 1362 candae
1867 1327 2009 1382 apex

333 1410 629 1485 plurimum
667 1410 797 1465 satis
821 1429 1049 1476 crassus,
1089 1420 1385 1479 truncatus,
1425 1411 1698 1466 interdum
1725 1411 1897 1465 obiter
1933 1410 2011 1464 in·

335 1513 498 1568 ciSUS.
574 1511 636 1566 In
676 1513 884 1569 duobus
923 1514 1311 1588 speciminibus
1362 1516 1564 1570 caudae
1611 1514 1734 1570 finis
1784 1522 1868 1569 est
1904 1533 2011 1568 ma-

336 1616 418 1691 gis
457 1626 747 1679 attenuata,
801 1618 1009 1673 obtusa.
1084 1617 1261 1673 Unico
1311 1619 1367 1672 in
1416 1618 1726 1694 speciminev
1754 1638 1785 1673 e
1822 1618 2012 1674 fissura

339 1720 540 1775 caudae
576 1722 849 1776 terminali
898 1722 1125 1796 emergit
1160 1722 1411 1778 vesicula
1463 1722 1690 1797 duplex3
1740 1730 2013 1777 caeterum

338 1845 501 1881 sexus
552 1824 882 1899 distinguere
927 1824 1073 1879 baud
1121 1826 1282 1882 valui.
1365 1825 1451 1881 Ex
1497 1825 1738 1901 partibus
1786 1824 2013 1880 internis

341 1928 563 1982 distinxi
609 1930 773 1982 unico
822 1930 876 1982 in
938 1929 1238 2004 specimine
1298 1950 1365 1984 ex
1415 1930 1552 1985 meis
1598 1927 2015 2004 receptaculum

332 2014 706 2107 proboscidis,
754 2032 899 2105 quod
949 2053 1139 2107 parum
1189 2033 1398 2100 aberat,
1443 2033 1573 2107 quin
1621 2032 1866 2087 medium
1903 2050 2015 2086 cor·

340 2133 487 2208 poris
537 2133 830 2207 attigisset,
882 2144 936 2188 et
974 2135 1294 2190 lemniscum
1343 2135 1573 2190 alterum
1608 2152 1899 2210 perparum
1934 2132 2013 2187 ul-

342 2246 422 2291 tra
469 2236 634 2292 finem
693 2238 1050 2312 posteriorem
1103 2238 1432 2313 receptaculi
1492 2238 1641 2293 illius
1688 2235 2013 2292 descenden-

343 2349 472 2394 tem.
554 2338 618 2393 In
665 2340 1056 2415 speciminibus
1106 2341 1344 2415 Gryphia
1399 2341 1580 2396 missis
1628 2339 1890 2415 conspexi
1941 2338 2014 2394 le-

345 2443 585 2497 mniscos
596 2443 951 2517 proboscidis
968 2445 1208 2499 medium
1229 2444 1468 2519 corporis
1497 2443 1642 2498 haud
1670 2443 2013 2517 attingentes.

347 2545 410 2599 In
455 2545 649 2600 horum
699 2567 922 2622 corpore
971 2547 1202 2602 marium
1256 2546 1662 2602 translucebant
1706 2546 1817 2601 duo
1864 2543 2016 2600 testi-

347 2648 479 2713 culi,
526 2649 759 2704 feminae
808 2650 1156 2713 includebant
1205 2651 1437 2727 copiam*
1467 2667 1697 2704 ovorum
1741 2649 2015 2720 elongato-

347 2771 483 2819 rum‚
522 2752 787 2818 tenuium,
829 2754 1310 2829 subellipticorum.

503 2854 635 2909 obs.
672 2855 1109 2932 Eclninorhynchi
1147 2858 1256 2913 mei
1295 2856 1555 2923 intestino
1592 2851 2018 2928 Haematopodis

348 2956 495 3011 haud
541 2958 695 3012 firme
744 2959 895 3012 infixi
944 2971 1110 3028 erant,
1160 2970 1223 3015 ut
1271 2961 1389 3016 sine
1436 2957 1750 3014 difficultate
1798 2954 2016 3031 forcipis

350 3081 455 3136 ope
495 3061 807 3117 detrahendi
852 3072 1049 3117 essent.
1124 3062 1306 3120 Motus
1352 3048 1541 3119 eorum
1585 3078 1688 3116 nec
1737 3078 1909 3134 aquae
1944 3066 2020 3112 te·

350 3165 508 3239 pidae
547 3165 916 3222 immissorum
953 3166 1231 3241 conspexi.

497 3268 677 3323 Etiam
716 3269 946 3343 plurima
986 3252 1284 3343 specimina
1325 3268 1596 3344 Gryphica
1622 3265 1767 3321 haud
1799 3262 2020 3320 difficul-
