2111 3622
675 238 754 250 --
839 203 953 262 127
1034 218 1120 248 ——'

78 347 140 403 tii
179 347 336 402 1827.
375 347 430 401 in
459 344 716 401 intestino
745 350 893 397 recto
921 340 975 395 A
987 339 1145 394 nati
1155 358 1183 394 s
1201 340 1278 394 M
1280 359 1319 394 a
1332 338 1392 394 ri
1404 338 1518 396 lae
1542 321 1720 395 denuo

75 450 256 506 inveni
295 458 351 504 et
385 447 618 503 recentia
666 443 1062 518 contemplatus
1110 460 1250 508 sum,
1298 461 1443 496 nunc
1488 443 1728 518 speciem

77 563 222 608 recte
273 550 493 606 definire
549 548 732 614 valeo,
788 564 1063 619 novasque
1116 543 1279 600 simul
1326 544 1726 602 observationes

79 656 286 728 addere.
363 652 738 706 Characterem
775 657 956 703 autem
993 658 1310 722 sequentem
1346 666 1617 722 propono:

319 754 386 808 Τ.
433 754 626 828 capitis
653 732 1034 825 grandissimi,
1073 750 1276 818 breviS,
1327 749 1525 805 osculis
1561 751 1728 805 maxi-

397 858 501 913 mis
548 855 886 921 lateralibus,
938 861 1243 908 antrorsum
1281 852 1502 927 apertis,
1551 853 1727 907 subte-

403 959 630 1034 tragoni,
677 956 902 1014 rostello
940 956 1285 1023 brevissimo,
1325 955 1546 1023 obtus0‚
1585 956 1729 1010 collo

398 1071 454 1117 et
501 1061 740 1116 articulis
787 1060 976 1116 anticis
1022 1058 1370 1125 brevissimiS‚
1414 1058 1500 1114 his
1537 1058 1734 1133 irregu.

400 1164 619 1230 laribus,
667 1163 888 1236 reliquis
929 1161 1196 1228 brevibus,
1242 1160 1604 1229 subcuneatis,
1642 1181 1731 1216 an-

129 1277 173 1293 ·
392 1267 534 1340 gulis
571 1265 935 1331 acutiusculis‚
973 1264 1321 1320 foraminibus
1350 1264 1733 1339 marginalibus

395 1369 798 1424 unilateralibus
844 1367 1112 1424 secundis.

224 1472 533 1546 Specimina
572 1472 715 1526 dicto
753 1490 892 1525 anno
931 1479 1158 1545 reperta,
1199 1469 1373 1524 illo-l.
1414 1489 1458 1524 c.
1500 1472 1611 1543 jam
1648 1470 1735 1526 de-

82 1576 283 1650 scripto
330 1575 537 1629 minora
584 1585 724 1641 sunt,
775 1574 880 1627 duo
932 1575 1137 1646 majora
1183 1573 1437 1626 nimirum
1485 1574 1607 1627 circ.
1648 1574 1735 1628 de-

81 1698 200 1732 cem
237 1679 407 1732 lineas
446 1678 630 1751 longa,
682 1677 903 1751 reliquis
951 1676 1120 1731 tribus
1158 1675 1472 1732 minoribus.
1551 1678 1740 1753 Caput

82 1781 324 1836 omnium
362 1781 484 1835 circ.
525 1781 656 1836 duas
703 1781 878 1835 lineae
915 1779 1097 1834 tertias
1135 1787 1314 1853 partes
1351 1779 1537 1844 latum,
1576 1778 1738 1835 latius

81 1904 243 1958 quam
279 1884 519 1956 longum,
560 1884 624 1937 ab
660 1883 863 1938 osculis
900 1882 1148 1937 maximis
1177 1901 1234 1936 re
1258 1902 1382 1937 vera
1410 1881 1736 1950 lateralibus,

83 1987 178 2042 scd
218 1997 340 2040 ante
390 2007 606 2042 versum
655 1986 881 2061 apertiS,
932 1986 1384 2058 subtetragonum.
1426 1978 1525 2039 >In
1563 1986 1738 2040 antica

82 2090 215 2143 facie
265 2090 329 2142 ad
377 2089 618 2144 medium
664 2109 724 2144 se
773 2090 951 2143 elevat
994 2089 1304 2163 superficies
1345 2088 1553 2162 capitis,
1594 2080 1740 2163 quod

82 2193 299 2266 quidem
337 2193 507 2265 magis
546 2192 990 2266 conspiciendum
1029 2201 1140 2248 erat
1176 2192 1234 2246 in
1266 2191 1539 2247 vermibus
1576 2193 1739 2247 modo

81 2296 309 2350 exemtis
348 2295 622 2360 intestine,
664 2296 811 2364 (nam
841 2315 1011 2370 aquae
1041 2295 1408 2350 immissorum
1436 2304 1595 2368 caput
1633 2315 1756 2358 maz

81 2398 161 2470 gis
211 2397 668 2471 complanabatur)
725 2406 841 2451 tuin
891 2408 1074 2453 autem
1120 2430 1190 2440 -—
1238 2398 1382 2472 quod
1429 2398 1622 2453 saltem
1672 2398 1740 2454 dc

81 2519 191 2554 uno
242 2499 467 2553 memini
502 2530 576 2541 —
622 2498 942 2573 valdopere,
991 2511 1045 2555 et
1081 2485 1115 2556 er
1149 2501 1330 2556 medio
1368 2520 1509 2574 apex
1545 2501 1740 2556 brevis·

81 2603 250 2658 simus
298 2602 522 2657 obtusus
571 2611 846 2676 praeterea
894 2604 1188 2670 eminebat,
1245 2623 1406 2677 quem
1454 2604 1743 2658 rostellum

82 2705 371 2771 nominavi,
411 2705 538 2759 licet
575 2704 922 2762 brevissimus
961 2707 1046 2763 sit.
1126 2706 1340 2761 Collum
1387 2706 1479 2761 vix
1529 2707 1742 2762 tertiam

81 2808 272 2882 capitis
311 2818 518 2882 partem
553 2807 723 2862 latum
759 2808 816 2863 in
842 2810 1112 2865 vermibus
1151 2810 1322 2882 magis
1360 2809 1599 2891 extensis
1636 2809 1742 2865 hoc

78 2909 417 2984 longitudine
465 2930 718 2984 superare
764 2932 874 2967 non
920 2913 1156 2979 videtur,
1216 2913 1272 2967 in
1326 2913 1561 2967 maxime
1619 2931 1741 2967 con·

81 3012 261 3067 tractis
308 3013 526 3089 nonnisi
574 3013 653 3068 uti
684 3016 945 3070 strictura
992 3037 1112 3072 sese
1161 3015 1406 3083 exhibet,
1446 3016 1742 3087 generatim

15 3130 19 3133 ⁴
81 3134 191 3168 non
238 3114 374 3170 bene
423 3116 848 3190 dijudicandum,
898 3129 960 3174 ut
1004 3129 1185 3175 utrum
1233 3140 1355 3193 pars
1406 3119 1611 3192 postica
1658 3139 1740 3173 ru-

79 3236 208 3288 gosa
253 3217 336 3271 illi
373 3217 460 3284 sit,
508 3237 580 3272 an
624 3218 729 3275 hoc
763 3223 872 3294 jam
917 3222 1132 3278 initium
1170 3222 1520 3276 articulorum
1558 3242 1761 3297 corpos

81 3318 151 3375 ris
197 3320 384 3385 saciat,
434 3321 687 3376 nesciam,
760 3322 808 3378 A
861 3325 1036 3399 capite
1085 3335 1357 3381 caeterum
1403 3307 1563 3381 latius
1613 3326 1719 3383 ,inci
