2111 3622
1005 174 1408 232 ...70-

852 394 950 450 De
985 394 1251 450 Distomo
1289 362 1463 450 Lima
1499 394 1574 452 R.

519 527 587 581 D.
642 529 725 582 11.
773 529 900 603 Apr.
948 527 1074 582 anni
1121 527 1470 602 praeterlapsi
1517 525 1750 582 dissecui
1804 525 1876 583 V
1864 545 2045 602 esper-

373 629 623 685 tilionem
670 630 1002 695 serotinum,
1060 631 1117 684 in
1167 632 1320 704 cujus
1370 631 1631 686 intestino
1676 629 1868 704 reperi
1902 647 2045 684 com·

371 735 526 808 plura
570 733 856 808 „Distoma
908 733 1135 798 Limus,
1192 734 1485 789 mediocria
1540 742 1597 789 et
1631 734 1790 789 valde
1842 752 2038 806 magna

372 836 630 906 (maximi
687 837 968 910 longitudo
1024 837 1150 891 circ.
1208 846 1437 912 quatuor
1489 837 1662 892 lineas
1723 836 2044 915 aequabat),

372 939 573 1005 onmia,
636 941 836 995 aculeis
877 940 1116 1015 corporis
1155 940 1318 995 antici
1356 940 1517 1016 plane
1557 941 1816 1016 expertia,
1874 948 2046 995 caete·
2100 990 2103 992 ,

370 1064 492 1100 rum
531 1063 655 1097 cum
680 1044 786 1098 Ra
799 1044 842 1098 d
848 1043 957 1118 olp
970 1043 1042 1097 lai
1053 1043 1074 1096 i
1111 1044 1473 1120 descriptione
1501 1046 1542 1113 ¹)
1569 1046 1700 1100 satis
1727 1043 2046 1099 convenien-

371 1148 462 1202 tia.
539 1147 737 1221 Aliqua
776 1157 958 1203 tamen
997 1157 1139 1214 sunt,
1190 1168 1330 1223 quae
1370 1148 1580 1202 addam.

521 1251 738 1323 Corpus
775 1251 1027 1324 utrinque
1067 1260 1403 1307 attenuatum
1443 1261 1497 1306 et
1535 1250 1789 1306 obtusum
1824 1251 1882 1304 in
1909 1248 2046 1306 vivis

372 1363 428 1409 et
464 1364 712 1408 recenter
749 1353 1004 1408 intestino
1046 1355 1274 1410 exemtis
1303 1355 1540 1409 maxime
1571 1355 1888 1429 depressum
1913 1362 2045 1421 erat,

368 1456 426 1511 in
465 1455 696 1510 mortuis
734 1475 862 1510 vcro
903 1465 957 1509 et
994 1477 1165 1530 aquae
1204 1478 1302 1532 per
1338 1465 1554 1532 tempus
1593 1459 1703 1531 jam
1740 1455 2046 1535 commissis

370 1558 541 1632 magis.
603 1559 874 1612 tumidum
931 1568 986 1613 et
1036 1561 1190 1634 quasi
1237 1544 1648 1616 teretiusculum
1697 1559 1898 1614 sactum
1944 1567 2045 1614 est.

426 1661 527 1726 715,
584 1662 731 1739 quod
769 1661 995 1718 illustris
1034 1662 1129 1718 ille
1167 1664 1643 1737 Helminthologus
1683 1663 1811 1717 dicit
1847 1661 2046 1737 spirale

371 1765 608 1833 rubrum,
652 1785 750 1839 ego
790 1767 973 1820 inveni
1012 1766 1434 1839 subbrunneum,
1487 1776 1542 1821 et
1577 1766 1682 1821 hoc
1719 1775 1802 1821 est
1836 1775 2043 1833 uter-155,

372 1868 429 1922 in
468 1888 594 1942 quo,
636 1869 953 1944 praesertim
991 1870 1114 1924 luce
1152 1870 1315 1926 solari
1354 1871 1682 1935 collustrat0‚
1724 1869 1843 1924 lens
1866 1869 2044 1943 optica

372 1970 559 2028 fortior
607 1981 870 2027 monstrat
905 1991 1020 2027 ova
1056 1974 1243 2041 nilida,
1302 1974 1570 2040 subfusca,
1625 1972 2046 2047 mici-oscopium

371 2074 527 2128 valde
575 2074 920 2149 pellucentia,
981 2076 1322 2150 subelliptica
1374 2097 1415 2133 s.
1466 2077 1742 2142 subovata,
1800 2075 2043 2142 minima,

372 2196 511 2250 quae
565 2175 623 2231 in
669 2177 767 2232 illo
805 2178 915 2232 fere
952 2199 1125 2253 usque
1165 2179 1232 2232 ad
1268 2199 1463 2253 porum
1499 2179 1798 2234 ventralem
1836 2177 2045 2252 conspi-

372 2279 600 2335 ciuntur.
686 2280 906 2335 Sti-iam
952 2276 1450 2356 pellucidissimam,
1509 2301 1648 2355 quae
1693 2280 1831 2335 ultra
1875 2279 2044 2335 istum

371 2402 564 2456 porum
605 2383 930 2439 adscendere
968 2384 1263 2452 videbatur,
1320 2385 1479 2440 credo
1516 2385 1683 2439 finem
1721 2382 2043 2438 anteriorem

373 2485 574 2541 canalis
611 2488 751 2541 uteri
791 2487 998 2554 sistere,
1040 2497 1092 2542 et
1117 2488 1284 2543 istum
1320 2488 1593 2543 terminari
1621 2490 1768 2562 juxta
1791 2486 2031 2541 foramen

372 2587 549 2652 cirrhi,
608 2590 753 2663 quod
790 2591 935 2645 idem
972 2592 1043 2645 M
1050 2591 1193 2644 emi
1204 2611 1232 2644 s
1270 2592 1335 2645 de
1373 2590 1628 2647 Distomo
1664 2589 1916 2669 hepatico
1955 2589 2041 2644 de-

372 2690 588 2764 scripsit
626 2701 678 2745 et
715 2687 1020 2748 delineavit.
1046 2696 1088 2761 2)
1151 2694 1385 2748 Cirr-hus
1423 2694 1665 2749 omnium
1701 2713 1799 2767 pro
1837 2712 1896 2747 se
1935 2712 2038 2766 qua

375 2792 576 2848 canalis
615 2795 784 2856 albus,
837 2817 1054 2871 opacus,
1097 2797 1419 2871 conspicuus
1457 2805 1751 2873 pei-cutem
1781 2794 2039 2849 vermicu-

373 2893 551 2949 lorum
594 2897 930 2954 translucens
981 2909 1037 2954 et
1085 2921 1246 2974 saepe
1296 2901 1477 2955 statim
1525 2908 1649 2953 ante
1687 2918 1879 2974 porum
1914 2917 2039 2953 ven-

374 2997 567 3054 tralem
614 3009 857 3054 exsertus
910 3011 1038 3056 erat.
1115 3004 1281 3059 Extra
1329 3023 1522 3079 corpus
1569 3011 1680 3060 erat
1717 3000 2036 3077 pellucidus.

494 3230 538 3281 1)
566 3232 802 3279 Entozool.
834 3234 892 3277 ΙΙ.
928 3231 964 3279 1.
997 3251 1043 3296 p.
1077 3230 1178 3281 4⁸23.

491 3323 537 3377 2)
568 3326 599 3373 l.
633 3344 669 3372 c.
701 3345 747 3392 p.
778 3324 850 3375 34.
881 3329 977 3390 Fig.
1008 3327 1050 3376 S.
