2111 3622
881 206 1024 256 ·.····
1103 171 1183 232 24
1265 205 1346 219 ..-

465 312 528 367 In
573 312 993 370 hac-Ascaridis
1033 312 1238 388 ‘specie
1284 310 1364 364 nil
1392 311 1582 385 ,magis
1629 312 1981 373 attentionem

321 425 520 483 movet,
560 435 723 490 quam
761 417 997 472 enormis
1035 413 1316 489 longitudo
1356 422 1412 469 et
1441 414 1724 488 singularis
1761 426 1982 471 structu-

323 538 382 571 ra
427 518 764 594 spiculorum
821 520 1049 574 duorum
1094 518 1296 574 caudae
1352 518 1642 572 masculae.
1726 517 1985 574 Summae

324 621 603 677 tenuitatis
629 631 772 688 sunt,
798 623 1035 689 clastica,
1065 630 1297 688 curvata,
1327 621 1767 694 pellucidissima.
1833 619 1984 676 Post-

323 743 486 799 quam
535 723 593 778 in
637 725 826 780 multis
871 724 1256 800 speciminibus
1304 743 1366 777 ea
1415 724 1715 780 examinavi
1749 724 1985 779 maxima

324 827 621 900 diligentia,
660 829 836 895 cred0,
878 849 965 884 me
1004 827 1285 902 sequentia
1323 837 1469 883 certo
1498 828 1759 883 affirmare
1796 847 1985 903 posse:

324 929 629 1004 Utrumque
677 931 948 1005 spiculum
1009 932 1214 987 duabus
1260 930 1500 1006 partibus
1558 940 1795 999 constat,
1845 950 1989 1005 pene

304 1023 543 1109 *proprio
583 1043 636 1089 et
671 1035 890 1109 vagina
939 1037 1072 1108 ejus.
1144 1033 1311 1101 Haec,
1361 1033 1786 1110 pellucidissima
1823 1053 1990 1088 mem·
2035 1108 2038 1110 -

322 1137 487 1192 brana
524 1137 665 1205 ficta,
704 1139 830 1194 inde
869 1117 1161 1213 adcorpore
1190 1138 1387 1194 vermis
1425 1158 1641 1213 penem,
1683 1138 1836 1213 apice
1874 1139 1991 1211 ejus

325 1250 582 1316 exceptO,
633 1242 886 1308 includit,
945 1242 1114 1296 altero
1171 1241 1228 1295 in
1276 1241 1442 1296 latere
1490 1250 1603 1295 tota
1652 1240 1991 1314 longitudine

322 1343 449 1399 fissa
489 1355 586 1411 est,
628 1355 680 1399 et
719 1355 963 1418 apertura
1002 1344 1195 1417 gaudet
1233 1344 1505 1399 terminali
1530 1343 1822 1418 inaequali,
1861 1343 1973 1398 obli

324 1467 431 1520 que
478 1447 545 1500 ad
593 1447 840 1502 fissuram
890 1447 1265 1502 adscendente.
1355 1447 1526 1501 Penis
1571 1448 1795 1520 vaginae
1842 1466 1993 1500 cana-

324 1549 437 1605 lem
473 1549 635 1623 longe
673 1568 783 1604 non
822 1550 1021 1624 explet,
1060 1551 1157 1606 sed
1194 1550 1251 1605 in
1291 1550 1460 1604 altero
1499 1551 1617 1624 ejus
1651 1551 1820 1605 latere
1857 1570 1991 1605 sem·
2023 1559 2029 1560 ⁷

327 1674 426 1728 per
464 1652 793 1727 conspicitur
829 1653 907 1706 uti
948 1652 1147 1708 canalis
1185 1661 1382 1719 rectuS,
1423 1640 1658 1727 opacior,
1695 1673 1875 1728 neque
1911 1673 1993 1709 so-

327 1756 445 1809 lum
481 1757 603 1830 plus
653 1756 918 1823 minusve,
961 1776 1177 1830 semper
1226 1766 1407 1810 tamen
1454 1756 1599 1810 haud
1645 1757 1877 1810 multum
1924 1775 1994 1811 ex

327 1869 574 1932 apertura
622 1861 738 1933 ejus
776 1859 1046 1914 terminali
1084 1859 1335 1932 emergit,
1385 1859 1482 1914 sed
1526 1858 1689 1924 etiam
1725 1858 1994 1914 interdum

328 1962 573 2017 fissuram
610 1963 834 2036 vaginae
873 1962 1153 2018 lateralem
1182 1982 1441 2037 superans
1479 1962 1685 2016 nudum
1721 1981 1881 2018 suum
1916 1962 1994 2036 ip-

329 2065 442 2120 sius
480 2066 621 2120 lalus
660 2066 890 2121 alterum
933 2067 1149 2121 revelat.

471 2159 688 2222 Fissura
739 2168 962 2240 vaginae
1009 2168 1245 2222 lateralis
1295 2168 1469 2242 primo
1520 2167 1654 2222 mihi
1695 2167 1849 2222 valde
1888 2166 2004 2222 sin-⁴

330 2270 527 2342 gularis
565 2271 680 2326 visa
717 2291 862 2324 nunc
889 2271 1190 2327 necessaria
1216 2271 1452 2339 videtur3
1492 2291 1615 2324 nam
1644 2291 1760 2325 mas
1791 2270 1993 2324 coitum

331 2374 660 2429 exerciturus
699 2394 921 2430 necesse
960 2383 1045 2430 est
1079 2384 1139 2428 ut
1175 2394 1373 2448 penem
1409 2375 1465 2428 in
1508 2374 1739 2428 feminae
1777 2373 1994 2429 vulvam

332 2476 590 2530 immittat
629 2486 721 2530 aut
757 2482 864 2530 una
904 2497 1027 2531 cum
1064 2477 1273 2550 vagina,
1315 2484 1407 2529 aut
1443 2485 1502 2529 ut
1538 2477 1727 2549 vagina
1772 2496 1994 2550 sepona-

332 2587 420 2632 tur
470 2589 560 2632 aut
604 2580 893 2654 replicetur
907 2623 930 2647 ,.
968 2580 1098 2634 dum
1153 2579 1309 2653 penis
1357 2579 1531 2633 intrat.
1616 2578 1789 2633 Priori
1833 2580 1995 2634 modo

332 2701 538 2735 marem
586 2703 742 2755 agere
789 2703 898 2736 non
944 2682 1221 2757 probabile
1272 2691 1369 2747 est,
1423 2701 1545 2736 cum
1592 2682 1781 2754 vagina
1826 2691 1996 2736 tanto-

334 2803 462 2858 pere
500 2794 716 2858 supcret
755 2785 1015 2839 diametro
1054 2806 1269 2860 penem,
1309 2784 1743 2840 ut-obstaculum
1780 2783 1998 2857 praebe-

333 2896 419 2941 ret
455 2886 511 2940 in
551 2887 714 2953 coitU,
764 2889 811 2942 si
852 2898 1033 2943 autem
1069 2889 1198 2943 foris
1238 2908 1455 2943 manere
1495 2888 1672 2953 debet,
1719 2906 1856 2943 anne
1894 2887 1998 2941 ista

336 2988 539 3044 canalis
588 2990 810 3045 omnino
859 2992 1058 3064 rigida,
1110 2992 1288 3046 simile
1339 2999 1432 3044 aut
1479 2990 1651 3044 adhuc
1687 2991 1861 3062 majus
1910 2989 1999 3043 ob-

337 3090 604 3148 staculum
641 3092 805 3158 daret,
845 3093 949 3148 nisi
977 3093 1123 3149 facili
1148 3080 1368 3166 negotio
1408 3114 1437 3147 a
1463 3113 1620 3167 pene,
1660 3093 1807 3147 salva
1831 3092 1999 3146 forma

338 3214 452 3262 sua,
491 3204 604 3250 tota
644 3194 917 3252 discedere
954 3196 1181 3273 posset?
1225 3194 1343 3250 Hoc
1389 3178 1580 3254 fissura·
1627 3194 1883 3269 possibile
1919 3193 1995 3260 fit,
