2111 3622
723 189 817 235 -—-‘
888 189 961 248 17
1044 222 1123 238 ...-

102 328 294 383 Utrum
333 337 514 383 autem
551 328 658 382 huc
695 327 995 403 pertineant
1043 328 1233 393 eliam,
1281 346 1382 382 nec
1429 349 1522 394 ne,
1573 328 1762 384 vermi-

99 431 206 486 culi
241 430 344 496 illi,
382 451 517 505 quos
555 430 805 485 Franc.
842 429 981 484 Jos.
1020 428 1329 484 Schmitz
1357 435 1398 500 ¹)
1455 431 1512 484 in
1548 437 1761 494 Ranae

95 532 388 588 bombinae
427 533 618 588 arteria
656 525 1008 588 mesenterica
1048 531 1287 599 offendit,
1340 532 1534 590 dubius
1586 539 1757 595 adhuc

93 656 230 692 sum.
306 635 509 691 Forsan
544 636 800 691 Entozois
826 635 966 691 veris
993 634 1328 688 adnumerari
1365 654 1475 694 non
1502 651 1750 712 possunt,

97 749 151 792 et
185 738 442 794 infusoria
480 739 660 812 potius
699 747 840 805 sunt,
880 757 1033 811 quae,
1086 711 1297 793 etiamsi
1335 737 1392 790 in
1431 741 1751 797 animalibus

93 842 465 896 tantummodo
505 850 798 908 occurrant,
847 860 935 894 me
986 839 1203 914 quidem
1241 840 1444 913 judice,
1492 841 1752 900 Entozo-is

93 945 363 998 accenseri
390 964 525 999 ·non
583 945 794 1010 debent,
855 943 985 997 licet
1040 951 1282 997 auctores
1338 945 1587 999 nonnulli
1644 946 1750 1002 hoc

91 1047 284 1102 merito
321 1047 437 1101 fieri
473 1046 790 1120 putaverint.
862 1044 1091 1099 Videtur
1115 1044 1249 1097 mihi
1283 1045 1426 1098 enim
1464 1047 1615 1101 notio
1644 1048 1746 1102 En-

92 1149 236 1204 tozoi
281 1148 444 1203 nimis
493 1148 725 1214 extendi,
784 1147 830 1202 si
885 1167 914 1201 e
971 1146 1254 1219 generibus
1312 1149 1742 1217 vermiculorum,

93 1270 321 1326 quorum
359 1251 495 1305 aliae
534 1251 742 1325 species
783 1259 930 1305 extra
970 1269 1189 1323 corpora
1238 1250 1486 1305 animalia
1538 1252 1742 1320 vivunt,

89 1355 240 1422 alias,
281 1374 418 1428 quae
444 1353 724 1428 hucusque
763 1353 818 1408 in
846 1352 1161 1406 animalibus
1189 1352 1318 1407 solis
1346 1364 1589 1428 reperis-e
1617 1357 1741 1423 sint,

92 1457 158 1511 ad
203 1456 296 1512 illa
346 1455 554 1512 trahere
599 1457 846 1512 velimus.
921 1454 1203 1510 Entozoon
1253 1476 1439 1511 verum
1478 1478 1584 1512 non
1625 1479 1745 1515 esse

90 1567 288 1634 potes†‚
325 1559 430 1614 nisi
466 1560 678 1624 vermis,
722 1561 872 1632 cujus
911 1578 1077 1631 genus
1116 1567 1307 1624 totum,
1348 1560 1414 1612 ad
1451 1561 1593 1633 quod
1632 1583 1748 1635 per-

91 1662 243 1728 tinet,
284 1681 476 1736 corpus
516 1662 744 1716 animale
783 1661 1002 1716 habitat.
1079 1660 1356 1716 Cercariae
1397 1661 1464 1715 ad
1501 1662 1744 1719 Eniozoa

89 1766 358 1840 pertinere
396 1766 657 1821 videntur.
686 1765 728 1831 ²)
1359 1745 1362 1749 .

236 1867 566 1941 Descriptio
615 1866 1057 1940 Strongylomm.
1146 1866 1190 1920 Ii
1245 1866 1436 1940 prioris
1484 1866 1746 1942 Delphini

88 1989 279 2046 parum
316 1971 582 2043 juvabam.
659 1969 844 2043 Romi,
885 1969 1157 2034 contracti,
1199 1969 1638 2037 semi-dissoluti,
1676 1993 1746 2027 ne

88 2072 309 2128 unicum
345 2073 483 2127 inter
521 2093 579 2126 se
617 2073 893 2146 specimen
932 2071 1214 2137 habebant,
1265 2071 1410 2144 quod
1448 2072 1620 2127 bonae
1660 2075 1745 2130 de-

89 2176 368 2249 scriptioni
416 2176 670 2231 inservire
718 2176 998 2249 potuisset.
1073 2173 1372 2229 Minoribus
1423 2194 1611 2231 omnes
1661 2177 1746 2232 ad-

88 2279 404 2333 numerandi
453 2289 630 2344 erant,
681 2278 938 2352 pollicem
989 2298 1270 2351 superasse
1319 2277 1529 2331 nullum
1567 2279 1746 2334 credo-

92 2381 280 2456 Caput
315 2391 634 2447 truncatum,
683 2400 780 2436 ore
817 2381 946 2436 satis
985 2399 1195 2454 magno,
1244 2379 1544 2447 orbiculari,
1584 2382 1746 2435 nude.
1779 2415 1785 2422 -

91 2484 327 2538 Candae
362 2483 486 2539 finis
521 2485 712 2556 magis,
760 2503 923 2556 quam
974 2482 1180 2557 eapitis,
1232 2491 1554 2548 attenuatus,
1601 2483 1747 2539 illius

89 2605 227 2661 apex
263 2605 373 2640 non
410 2586 547 2640 bene
587 2585 974 2660 dijudicandus.
1053 2585 1220 2639 Color
1259 2584 1712 2641 fusco-sordidus,

231 2687 644 2762 Strongylorum
683 2689 748 2743 de
777 2688 1071 2762 posteriore
1097 2686 1375 2762 Delphino
1415 2697 1749 2744 exemtorum

88 2791 238 2847 misit
273 2791 406 2846 mihi
446 2793 511 2847 cl.
552 2791 948 2847 Rosentlzal

200 2897 253 2965 1)
290 2896 502 2970 copiam
540 2915 570 2950 e
607 2895 772 2969 plexu
809 2913 1012 2951 venoso
1053 2893 1215 2959 diem,

207 3126 251 3178 1)
283 3132 352 3174 De
393 3132 622 3176 vermibus
665 3131 715 3176 in
755 3130 1052 3176 circulatione
1093 3127 1371 3175 viventibus.
1442 3126 1557 3169 Diss.
1599 3127 1747 3186 inaug.

93 3200 290 3264 physiol.
325 3206 376 3248 C.
407 3204 501 3249 tab.
533 3203 636 3248 lith.
669 3203 813 3249 Berol.
846 3199 975 3247 1826.
1006 3199 1049 3245 S.

203 3306 250 3358 2)
280 3310 350 3356 Cf.
383 3313 452 3356 de
480 3314 661 3362 Baer,
690 3309 721 3355 l.
752 3328 791 3356 c.
820 3327 865 3373 p.
899 3304 990 3350 605
1018 3323 1110 3368 seq.
