2111 3622
716 182 1116 242 —31—-

89 303 440 384 tusissimu'm.
534 323 828 382 Valvulae
873 322 989 379 soris
1035 320 1348 395 speciminis
1396 322 1620 379 minoris
1668 323 1742 377 in-

88 430 389 493 distinctae,
430 426 646 501 majoris
681 424 1132 492 distinctissimae,
1173 442 1414 496 magnae.
1489 426 1628 480 Infra
1646 427 1742 484 has

37 508 45 511 -
85 533 414 587 membrana
450 529 733 594 late7·ali.5‚
771 529 828 583 in
865 527 1160 602 specimine
1198 528 1398 598 majore
1448 548 1574 582 vero
1622 531 1740 584 solo

88 636 395 709 conspicua,
437 644 669 698 exstans,
710 633 805 688 scd
841 631 1037 697 tenuis,
1077 649 1178 684 nec
1203 631 1378 703 longa.
1451 629 1743 704 Reliquum

88 759 281 814 corpus
321 746 434 792 erat
470 736 689 790 nudum.
768 734 973 790 Gauda
1010 733 1160 807 apice
1198 732 1363 799 brevi,
1413 732 1605 789 obtuso
1643 743 1742 788 ter-

85 841 306 896 minata·
381 840 464 894 Ab
504 859 594 901 ore
634 839 701 893 ad
739 837 964 892 caudam
1002 836 1314 891 decurrebat
1350 835 1511 890 tubus
1534 835 1742 891 intesti-

85 944 238 999 nalis
273 948 450 998 rectus
490 951 546 996 et
568 950 707 996 ante
758 940 970 1014 apicem
1019 939 1218 994 caudae
1268 957 1378 992 ano
1425 939 1742 993 terminaba-

83 1057 186 1102 tur.
261 1046 474 1101 Partes
504 1042 788 1116 genitales
824 1061 934 1096 non
974 1041 1217 1097 discrevi.
1291 1040 1438 1095 Haec
1477 1041 1543 1096 de
1582 1040 1742 1098 Asca-

84 1149 285 1205 ridibus
332 1145 653 1201 recemibus.
728 1143 832 1199 Per
881 1145 1092 1218 aliquot
1138 1163 1307 1198 annos
1352 1163 1496 1199 nunc
1543 1144 1602 1198 in
1638 1146 1744 1220 spi-

83 1252 187 1306 ritu
224 1248 335 1306 vini
374 1256 668 1304 asservatas
708 1248 1021 1303 examinans
1060 1247 1241 1303 inveni
1291 1247 1512 1301 alteram
1560 1247 1742 1322 (majo-

80 1356 215 1424 rem)
267 1372 298 1406 a
335 1352 527 1426 spiritu
576 1351 756 1426 aliquo
804 1351 967 1405 modo
1019 1359 1348 1412 contractam
1393 1359 1447 1405 et
1484 1350 1743 1406 deforma-

82 1466 244 1521 tam‚‘
290 1455 454 1528 inque
507 1453 609 1509 hac
666 1463 876 1528 partem
941 1453 1295 1529 posteriorem
1351 1452 1612 1508 anteriore
1666 1463 1742 1510 te-

82 1558 344 1626 nuiorem,
387 1557 514 1612 dum
552 1558 607 1611 in
647 1557 810 1612 altera
849 1557 1046 1625 minus,
1085 1557 1214 1612 licet
1253 1556 1413 1610 etiam
1441 1557 1741 1630 paululum,

81 1661 293 1717 tenuior
349 1660 614 1715 anteriore
650 1660 938 1735 ,posterior
998 1680 1118 1716 esse
1188 1659 1479 1714 videbatur.
1572 1662 1743 1717 stlem-

80 1764 300 1819 branae
337 1763 602 1818 lateralis
640 1751 858 1838 capitis,
911 1782 1073 1837 quam
1119 1771 1303 1816 tamen
1355 1762 1411 1816 in
1447 1765 1742 1819 vermiculo

80 1867 283 1922 recenti
329 1885 743 1941 conspexeram,
792 1887 862 1922 ne
912 1866 1208 1939 vestigium
1247 1865 1466 1939 quidem
1503 1886 1648 1922 nunc
1685 1870 1741 1922 in

77 1980 306 2043 utroque
345 1970 640 2044 specimine
679 1970 1043 2024 animadverti.
1120 1967 1330 2042 Corpus
1378 1970 1538 2023 ctiam
1578 1971 1741 2045 plane

77 2073 298 2128 nudum.

220 2175 408 2230 Tertio
446 2175 782 2230 inventarum
820 2174 875 2228 in
916 2174 1157 2229 intestini
1185 2173 1430 2231 Lavareti
1468 2186 1620 2250 parte
1657 2199 1741 2234 su-

76 2278 285 2352 periore
334 2279 384 2332 d.
434 2278 522 2333 24.
570 2278 708 2351 Aug.
763 2279 904 2333 1825
951 2278 1252 2332 recentium
1302 2297 1520 2353 corpus,
1580 2291 1742 2354 caput

76 2399 239 2453 quam
267 2381 491 2434 caudam
517 2401 703 2436 versus
732 2383 919 2453 magis,
962 2390 1296 2435 attenuatum
1328 2389 1454 2435 erat.
1534 2382 1739 2437 Gauda

75 2481 264 2553 obtusa
302 2483 596 2554 generatim
635 2503 760 2536 cum
797 2502 1054 2537 mucrone
1077 2484 1321 2558 perbrevi
1346 2483 1736 2541 obtusiusculo.

74 2584 470 2639 Membranam
517 2585 755 2659 corporis
806 2585 1107 2641 later-alem
1155 2586 1570 2660 microscopium
1623 2589 1735 2663 qui-

73 2686 198 2741 dem
235 2705 346 2741 non
385 2689 719 2754 monstravit,
758 2688 872 2754 sed,
921 2689 1050 2743 dum
1097 2689 1377 2744 vermiculi
1416 2690 1735 2764 circumage-

71 2789 281 2857 bantur,
320 2790 483 2847 lentis
523 2791 733 2866 opticae
772 2810 876 2867 ope
927 2793 1271 2866 splendorem
1316 2794 1374 2847 in
1421 2794 1585 2848 latere
1625 2814 1735 2850 cor-

23 2939 27 2941 *
73 2891 220 2965 poris
267 2902 497 2967 utroque
534 2894 662 2961 vidi,
713 2892 831 2949 sine
869 2894 1031 2949 dubio
1072 2897 1137 2950 ab
1176 2896 1271 2949 illa
1308 2897 1618 2950 membrana
1657 2918 1735 2951 or-

71 3002 190 3049 tum
226 2995 529 3051 ducentem.
605 2995 729 3050 Uno
767 2996 823 3051 in
859 2998 1158 3073 specimine
1184 3000 1444 3073 conspexi
1482 3000 1590 3053 duo
1628 3000 1735 3073 spi-

70 3096 204 3151 cula
240 3097 556 3155 brevissima
595 3108 718 3154 ante
757 3102 959 3158 caudae
1004 3102 1170 3157 finem
1209 3111 1437 3158 exserta.
1513 3101 1594 3155 Ex
1617 3122 1734 3175 par-

65 3198 210 3255 tibus
247 3200 471 3256 internis
508 3201 713 3255 nullam
749 3203 856 3260 nisi
893 3205 1156 3260 canalem
1193 3203 1614 3259 alimentarium
1652 3215 1733 3259 sat

0 3334 4 3339 ·
64 3302 325 3377 amplum,
363 3312 508 3360 recte
548 3304 982 3375 descendentem,
1023 3309 1300 3383 conspexi.
1379 3302 1576 3362 Omnia
1614 3328 1731 3382 spe-
