2111 3622
712 192 1113 249 ...33—

84 332 249 389 cauda
300 341 382 386 est
430 331 631 397 brevis,
672 331 893 395 obtusa,
943 339 997 383 et
1044 328 1090 383 si
1143 349 1328 384 mucro
1374 331 1739 403 brevissimus,

83 454 247 509 quem
293 434 350 488 in
408 434 793 509 speciminibus
849 431 1094 504 Augusto
1147 432 1284 486 1525
1340 437 1564 505 repertis
1621 459 1744 493 con-

80 537 254 613 spexi,
292 558 404 592 non
442 557 656 611 semper
684 535 1027 610 conspicitur,
1067 533 1172 587 hoc
1210 554 1239 587 a
1277 535 1385 590 situ
1410 539 1606 592 vermis
1645 542 1744 595 sub

80 640 456 714 microscopi0‚
497 649 587 693 aut
625 639 789 693 nimia
827 638 1094 692 interdum
1143 637 1412 692 mucronis
1451 638 1745 697 subtilitate

82 745 217 799 forte
255 743 472 818 pendet,
513 753 603 796 aut
641 743 860 796 demum
898 740 1177 795 retractilis
1217 749 1317 805 est,
1357 761 1458 795 nec
1495 739 1744 797 Radal-

76 846 202 921 phi
238 846 296 900 in
333 846 631 920 specimine
671 844 805 897 adeo
845 844 1033 897 decem
1072 852 1126 897 et
1151 862 1348 897 novem
1373 844 1544 900 lineas
1583 846 1745 919 longo

82 950 135 1018 (e
172 949 422 1017 Farione)
470 968 595 1002 eum
643 946 931 1001 offendisse
980 946 1207 1000 videtur.
1270 945 1581 1002 Membrana
1618 949 1746 1005 late-

81 1051 210 1106 ralis
248 1051 303 1104 in
341 1050 528 1124 paucis
556 1048 942 1122 speciminibus
973 1049 1110 1102 meis
1149 1049 1367 1122 quidem
1398 1049 1453 1103 in
1495 1070 1746 1125 conspec-

80 1163 200 1222 tum
235 1153 400 1217 venit,
441 1161 494 1207 et
522 1151 847 1205 contendere
876 1170 1105 1224 nequeO,
1142 1171 1273 1204 num
1303 1153 1358 1205 in
1390 1153 1557 1206 cauda
1586 1174 1747 1228 quam

80 1256 136 1310 in
175 1254 351 1329 capite
390 1254 560 1327 magis
598 1258 766 1320 coeat,
807 1253 903 1309 sed
941 1253 1176 1328 primum
1215 1264 1306 1308 aut
1345 1255 1409 1308 ab
1450 1266 1623 1312 aetate
1664 1258 1748 1313 de-

80 1356 297 1432 pendet,
338 1355 656 1426 (Zedero
684 1356 805 1431 ipso
836 1366 1108 1424 monente,
1150 1358 1521 1412 membranam
1548 1361 1604 1414 in
1632 1381 1747 1435 spe·

83 1459 368 1515 ciminibus
406 1459 687 1532 juvenibus
727 1460 818 1514 vix
857 1460 1204 1534 conspicuam
1245 1466 1383 1531 esse)
1432 1473 1519 1516 aut
1560 1484 1586 1516 a
1628 1465 1748 1520 sub-

81 1563 278 1617 tilitate
316 1562 659 1617 membranae
699 1564 833 1617 adeo
884 1563 941 1616 in
987 1564 1374 1637 speciminibus
1424 1568 1531 1637 jam
1579 1568 1748 1639 magis

75 1665 296 1732 adultis,
350 1685 453 1739 qua
493 1665 831 1720 subtrahatur
876 1666 1016 1721 visui
1064 1668 1421 1742 microscopio
1463 1671 1623 1723 etiam
1664 1672 1749 1724 ad-

81 1771 221 1842 juto,
282 1767 412 1822 dum
458 1768 514 1822 in
572 1768 806 1823 motibus
855 1769 1117 1822 vermium
1169 1780 1348 1824 tamen
1397 1772 1646 1826 micando
1693 1773 1748 1827 in

81 1881 310 1945 utroque
359 1872 599 1945 corporis
638 1872 803 1925 latere
849 1891 968 1926 sese
1006 1871 1214 1945 prodit3
1256 1883 1309 1927 et
1349 1875 1526 1948 quoad
1563 1896 1749 1931 secun-

84 1975 214 2028 dum
251 1974 443 2029 saltem
481 1974 547 2027 ad
587 1973 810 2028 caudam
849 1994 1020 2047 usque
1053 1976 1345 2048 procedere
1384 1977 1751 2032 membranam

83 2076 377 2132 observavi.
452 2076 711 2130 Canalem
756 2076 1121 2130 intestinalem
1170 2078 1474 2133 Zerleras
1529 2081 1751 2154 quidem

79 2180 137 2235 in
176 2180 354 2234 antico
395 2180 632 2254 corporis
673 2178 896 2232 dimidio
936 2188 1171 2247 rectum,
1224 2182 1278 2236 in
1319 2181 1527 2255 postico
1568 2193 1749 2238 contra

81 2283 289 2338 fortiter
324 2291 525 2336 tortum
564 2282 833 2347 describit,
886 2282 980 2337 sed
1015 2283 1133 2338 sine
1173 2285 1334 2339 dubio
1376 2286 1752 2341 meritissimus

83 2383 184 2439 Vir
227 2385 424 2450 ovaria,
474 2405 611 2458 quae
663 2385 780 2457 ipse
832 2386 1049 2457 quidem
1090 2408 1381 2462 nunquam,
1430 2388 1534 2442 nisi
1573 2387 1751 2445 forsan

83 2506 194 2542 uno
233 2485 354 2542 solo
392 2487 447 2539 in
486 2486 783 2560 specimine
823 2490 1022 2560 majore
1063 2489 1264 2542 circum
1311 2486 1628 2565 intes—tinum
1666 2511 1754 2547 vo·

84 2591 197 2644 luta
237 2589 515 2666 conspexi,
555 2608 652 2662 pro
691 2588 864 2642 canali
901 2589 998 2642 illo
1038 2592 1254 2661 sumsit3
1304 2593 1424 2648 talis
1450 2591 1616 2648 'enim
1655 2595 1755 2650 for·

84 2712 173 2748 ma
211 2692 455 2748 intestini
494 2692 646 2746 nullo
685 2692 741 2744 in
781 2693 1121 2748 nematoideo
1171 2715 1409 2769 unquam
1448 2698 1629 2752 locum
1665 2697 1754 2752 ha-

28 2817 37 2826 ·
83 2795 250 2864 behit,
288 2815 392 2851 nec
429 2816 517 2851 me
554 2795 735 2869 ipsum
766 2813 887 2848 eam
924 2796 979 2850 in
1020 2807 1289 2872 quotquot
1324 2799 1519 2854 horum
1558 2802 1755 2855 exami-

85 2899 226 2955 natis
266 2918 504 2974 unquam
544 2897 892 2972 conspexisse
933 2899 1153 2956 memini
1184 2906 1238 2972 ²).
1316 2902 1413 2958 His
1451 2904 1609 2960 rebus
1649 2923 1756 2959 me·

209 3118 253 3168 1)
283 3121 655 3168 Observationem
699 3133 862 3177 tamen,
910 3135 1067 3168 contra
1107 3122 1194 3168 hoc
1233 3125 1418 3170 effatum
1459 3141 1572 3188 quae
1609 3125 1760 3170 videri

86 3203 236 3254 posset
265 3210 522 3256 repugnare,
551 3197 737 3239 reticere
765 3195 891 3239 nolo.
951 3199 1009 3240 In
1028 3193 1278 3241 Ascaridis
1290 3197 1413 3242 Galli
1444 3199 1653 3256 inflexae
1680 3195 1765 3241 ali-

88 3277 204 3326 quot
233 3268 556 3327 speciminibus
585 3268 790 3328 Augusto
825 3266 939 3308 1822
983 3271 1172 3330 repertis
1205 3271 1327 3313 enim
1357 3280 1533 3330 partem
1563 3269 1761 3312 anticam

88 3336 194 3382 tubi
224 3338 386 3385 cibarii
417 3338 617 3384 flexuose
647 3341 955 3388 decurrentem
987 3343 1216 3404 conspexi.
1278 3344 1377 3386 Hoc
1416 3351 1565 3387 autem
1606 3357 1630 3383 a
1663 3357 1758 3387 ver-

1368 3424 1414 3480 C
