2111 3622
712 171 1114 232 ..41-

81 325 161 370 ter
198 330 322 367 cum
358 311 680 389 proboscide
717 311 923 385 integra
950 310 1174 378 extraxi,
1215 311 1360 385 quod
1386 331 1514 370 vero
1551 314 1608 370 in
1632 333 1742 371 ma-

78 416 239 472 ximis
276 415 470 471 horum
506 415 763 490 perficere
799 433 910 469 non
947 413 1118 480 valui,
1157 432 1285 468 nam
1320 413 1630 475 firmissime
1665 419 1741 474 in-

5 509 8 513 ’
79 518 185 573 fixa
221 518 373 585 haee,
413 518 466 573 vi
505 517 756 586 adhibita,
794 516 1170 593 proboscidem
1198 515 1480 590 abruptam
1512 529 1629 574 tum
1665 542 1744 578 re-

79 621 410 696 linquebant.
486 619 719 676 Multam
768 639 988 696 operam
1031 619 1194 694 igitur
1243 620 1465 687 navavi,
1521 630 1584 676 ut
1640 642 1745 698 ope

81 723 297 798 forcipis
337 733 390 778 et
426 724 675 799 scalpelli
713 723 993 780 subtilium
1040 722 1417 798 proboscidem
1464 723 1750 781 liberarem

83 835 137 881 et
175 825 240 880 ab
278 826 688 882 adhaerentibus
717 826 957 902 partibus
985 826 1317 881 mundarem.
1391 826 1502 881 Sed
1531 858 1603 871 —
1630 848 1747 904 pro-

80 928 359 984 boscidem
402 929 610 983 nullam
657 929 746 983 hic
794 928 993 994 inveni,
1045 931 1161 1002 ejus
1199 929 1322 983 loco
1361 938 1547 984 contra
1583 932 1750 988 nodu-

80 1031 197 1085 lum
242 1032 385 1086 collo
435 1031 756 1085 brevissimo
806 1030 1149 1085 insidentem.
1226 1031 1382 1086 Licet
1421 1031 1566 1089 hunc
1604 1055 1634 1089 a
1671 1045 1750 1090 tu-

81 1133 324 1188 nicarum
361 1133 606 1187 intestini
655 1132 951 1207 particulis,
993 1153 1131 1207 quae
1169 1134 1320 1190 firme
1359 1154 1484 1190 cum
1522 1157 1587 1191 eo
1627 1157 1750 1194 con-

83 1244 377 1300 creverant,
413 1255 640 1310 purgare
668 1235 1022 1310 nequiverim,
1071 1246 1254 1291 tamen
1291 1248 1436 1293 certo
1486 1239 1750 1296 affirmare

80 1358 330 1413 possum,
382 1339 760 1413 proboscidem
807 1338 896 1393 hic
942 1358 1054 1393 non
1103 1340 1362 1409 adfuisse,
1422 1362 1588 1416 quam
1631 1344 1752 1400 sine

83 1440 247 1496 dubio
291 1441 776 1497 instrumentorum
823 1441 1088 1496 dictorum
1147 1443 1459 1516 adjumento
1505 1448 1752 1504 nudavis-

83 1563 219 1612 sem,
265 1553 319 1599 et
370 1544 536 1600 simili
582 1545 747 1620 igitur
782 1544 1206 1620 metamorphosi
1243 1546 1344 1603 ista
1382 1548 1753 1624 Echinorhyn-

82 1645 309 1702 chorum
346 1647 555 1722 species
593 1648 834 1722 subjecta
883 1668 1004 1704 esse
1040 1649 1283 1718 videtur,
1333 1651 1422 1706 cui
1459 1652 1751 1711 Echinorh.

82 1749 473 1825 polymorphus
520 1750 873 1806 Bremseri
916 1752 1190 1826 subjectus
1241 1762 1354 1822 est,
1405 1756 1553 1830 quod
1599 1756 1753 1812 nimi-

85 1872 206 1906 rum
252 1862 506 1927 provecta
560 1863 734 1909 aetate
781 1854 1059 1928 proboscis
1098 1856 1303 1912 scnsim
1341 1857 1397 1912 in
1435 1858 1639 1913 bullam
1677 1861 1753 1915 in-

87 1975 294 2010 ermem
340 1965 594 2012 transeat.
669 1956 818 2011 Haec
868 1957 1054 2032 opinio
1103 1978 1169 2013 eo
1207 1959 1570 2029 confirmatur,
1608 1965 1756 2038 quod

87 2058 144 2113 in
194 2059 444 2116 omnibus
490 2059 688 2115 nostris
735 2059 1204 2135 Echinorhynchis
1249 2062 1546 2122 minoribus
1597 2067 1753 2140 (juni-

87 2162 288 2233 oribus)
335 2162 614 2238 proboscis
653 2162 883 2230 adesset,
937 2173 994 2218 et
1041 2164 1098 2218 in
1148 2166 1400 2222 maximis
1449 2170 1755 2242 (senilibus)

87 2265 217 2323 solis
255 2266 489 2322 nodulus
528 2266 652 2321 loco
691 2267 1026 2342 proboscidis
1063 2267 1408 2326 inveniretur.

330 2384 399 2453 2)
425 2382 932 2456 Echinorhynchas
964 2383 1285 2458 globicollis
1320 2387 1505 2442 milzi.

333 2483 466 2538 Ech.
504 2485 823 2559 proboscide
852 2487 1122 2562 inaequali
1149 2487 1315 2545 dense
1345 2491 1570 2559 munita,
1611 2493 1755 2548 collo

408 2586 574 2660 longo
631 2588 806 2643 antice
860 2589 1218 2664 subgloboso‚
1277 2611 1501 2668 corpore
1558 2595 1756 2670 longis-

407 2690 546 2745 simo
584 2690 751 2745 tenui.

234 2789 390 2846 Hah.
467 2792 531 2847 In
570 2793 827 2849 intestino
865 2794 1016 2850 Lari
1051 2797 1294 2853 maximi
1344 2800 1508 2858 maris
1544 2801 1755 2858 Schil-

86 2891 237 2967 ling
271 2895 474 2970 reperit
512 2897 788 2969 specimen
816 2899 1040 2954 unicum
1078 2901 1127 2955 d.
1161 2903 1245 2958 17.
1275 2902 1562 2959 Decembr.
1595 2907 1752 2962 1825.

233 2996 437 3054 Descr.
513 2998 729 3057 Vermis
769 3001 903 3059 duos
933 3004 1164 3079 pollices
1203 3015 1259 3061 et
1296 3017 1547 3082 quattuor
1583 3009 1754 3066 lineas

87 3096 300 3173 longuS,
339 3102 568 3174 gracilis.
647 3103 815 3160 Color·
862 3108 1104 3184 corporis
1152 3109 1576 3177 subflavescens,
1625 3113 1755 3168 colli

89 3209 147 3256 et
181 3203 517 3277 proboscidis
555 3206 724 3261 albus.

236 3305 541 3364 Probo-scis
577 3309 793 3367 uncinis
837 3312 1128 3371 subtilibus
1167 3315 1600 3387 densevarmata,
1640 3319 1753 3374 lon-
