2111 3622
971 199 1415 259 -134-

355 341 589 399 subrecti
629 349 681 394 et
727 339 886 408 recti,
935 347 996 396 ut
1043 339 1215 394 forma
1262 339 1592 395 subcuneata
1639 348 1732 394 aut
1777 342 2013 415 perfecte

356 444 581 490 cuneata
622 434 845 501 oriatur,
910 433 1092 507 anguli
1131 432 1448 508 saepissime
1486 432 1830 499 acutiusculi‚
1885 434 2016 492 licet

351 549 489 595 non,
541 536 633 582 aut
668 547 888 602 parum,
929 536 1228 594 exstantes,
1268 526 1540 582 interdum
1578 527 1741 581 etiam
1779 527 2013 592 obtusiu-

349 624 504 680 sculi.
579 621 882 677 Tumiditas
919 620 1176 701 marginis
1213 620 1412 695 postici
1450 640 1560 675 non
1610 621 1789 688 adest,
1829 631 1922 676 aut
1966 621 2044 690 si¹

350 718 640 784 interdum,
680 716 972 791 perexigua
1008 723 1207 770 tamen.
1287 715 1598 770 Generatim
1635 714 1862 769 latitudo
1900 713 2014 770 lon-

277 864 280 867 *
349 797 648 886 gitudinem
713 818 956 884 superat,
1021 829 1129 884 quo
1192 809 1362 882 magis
1407 797 1694 887 'ad-'finem
1748 808 2013 883 posticam

346 926 476 961 vero
515 903 687 977 magis
728 903 1071 977 elongantur,
1131 912 1186 958 et
1223 922 1385 976 saepe
1422 903 1499 957 ibi
1538 903 1701 957 etiam
1739 901 2012 976 longiores

346 1020 510 1076 quam
557 997 651 1052 lati
699 996 917 1064 adsunt,
981 997 1251 1052 interdum
1288 997 1426 1052 tales
1469 997 1820 1052 brevioribus
1849 997 2007 1051 inter-

345 1094 519 1149 mixti.
596 1092 727 1147 Pars
765 1091 1102 1165 singulorum
1152 1091 1496 1145 articulorum
1544 1091 1884 1146 antecedenti
1931 1091 2009 1144 in·

335 1182 449 1242 fixa
490 1206 653 1261 quam
689 1206 813 1260 pars
852 1185 1017 1239 libera
1057 1184 1229 1238 multo
1265 1185 1480 1238 tenuior
1517 1193 1615 1239 est.
1689 1184 1911 1239 Ovaria
1950 1185 2008 1239 in

339 1281 520 1337 medio
561 1280 910 1334 articulorum
947 1278 1253 1332 mediorum
1307 1287 1360 1332 et
1399 1279 1745 1351 <postiemum
1785 1283 1878 1333 aut
1913 1299 2004 1333 no-

342 1374 666 1438 duliformia,
709 1380 827 1437 aut,
866 1371 947 1423 uti
990 1368 1281 1425 Goezins
1319 1370 1578 1423 delineari
1616 1372 1846 1435 curavit,
1887 1371 2008 1425 sub-

343 1466 655 1544 pyriformia
693 1465 994 1534 interdum3
1052 1463 1111 1517 in
1157 1464 1436 1519 nonnullis
1481 1463 1867 1538 speciminibus
1916 1474 2029 1532 aut,

341 1562 499 1618 valde
537 1560 887 1636 inconspicua
927 1568 1019 1612 aut
1056 1558 1219 1633 plane
1257 1577 1368 1611 non
1394 1558 1684 1632 conspicua
1711 1568 1852 1613 sunt.
1900 1559 2008 1614 Fo-

338 1657 567 1712 ramina
607 1653 975 1708 articulorum
1011 1652 1162 1706 nulla
1199 1651 1380 1706 videre
1419 1652 1588 1726 potui.

488 1751 693 1805 Omnes
757 1748 956 1802 formas
1013 1745 1385 1812 articulorum,
1452 1765 1584 1819 quas
1645 1744 2005 1801 Goezius

333 1846 466 1902 Tab,
505 1842 734 1899 XXXII.
771 1841 834 1895 B.
875 1839 1171 1895 delineatas
1209 1838 1456 1915 protulit,
1519 1839 1576 1892 in
1625 1839 1712 1895 his
1750 1839 1997 1914 specimi-

335 1942 494 1996 nibus
551 1938 677 1995 vidi.
754 1934 960 2010 Capitis
1016 1934 1242 2008 figuram
1299 1953 1330 1986 a
1387 1932 1553 1986 latere
1608 1931 1722 2007 Fig.
1773 1935 1889 2001 21„
1947 1933 1996 1990 si

336 2035 520 2090 oscula
567 2029 943 2087 tantummodo
993 2028 1164 2100 magis
1205 2027 1413 2082 elevata
1449 2026 1548 2080 tibi
1588 2027 1818 2100 cogitas,
1857 2028 1998 2082 bene

336 2128 581 2194 exhibet,
633 2134 690 2180 et
724 2123 839 2196 Fig.
876 2122 966 2176 22.
1015 2121 1143 2175 colli
1193 2120 1515 2174 anteriorem
1561 2130 1767 2193 partem
1804 2120 1878 2174 ila
1915 2141 1998 2175 ru·
2063 2176 2070 2188 „

333 2243 521 2298 gosam
556 2226 837 2284 monstrat,
876 2215 957 2270 uti
995 2235 1157 2288 saepe
1196 2213 1542 2287 conspicitur.

875 2394 1193 2450 Charaeta·
1230 2390 1436 2464 speciei
1447 2412 1464 2442 .-

475 2547 540 2600 T.
580 2544 753 2619 capite
794 2541 1009 2614 exigu0,
1049 2540 1114 2594 ab
1155 2538 1355 2594 osculis
1393 2535 1619 2610 magnis,
1658 2534 1987 2602 lateralibus,

339 2640 611 2712 ellipticis,
660 2631 988 2711 tetragono,
1025 2634 1201 2688 antice
1252 2634 1546 2706 impress0,
1596 2629 1737 2684 00110
1786 2629 1991 2702 longiu-

332 2734 510 2799 sculo,
550 2732 865 2796 latiuscu10,
906 2728 1190 2792 continuo,
1243 2727 1480 2780 articulis
1520 2723 1710 2778 anticis
1748 2723 1992 2778 brevissi-

333 2827 462 2894 mis,
523 2825 756 2890 obtusis,
804 2822 1026 2896 reliquis
1091 2820 1425 2876 brevioribus
1488 2828 1579 2872 aut
1640 2814 1989 2888 longioribUS,

332 2930 426 2974 aut
489 2917 813 2991 marginibus
874 2915 1184 2970 lateralibus
1251 2915 1533 2978 convexis,
1593 2920 1683 2964 aut
1748 2908 1989 2963 cuneatis

331 3024 388 3068 et
437 3011 808 3078 subcuneatis,
872 3008 1119 3084 plurimis
1167 3007 1348 3063 ovario
1401 3005 1580 3061 medio
1642 3002 1990 3058 noduliformi

2013 2610 2025 2630 f

334 3107 648 3180 insignibus.

338 3292 1987 3316 Μ

802 3371 930 3403 ΤῩΡΙΒ
960 3370 1276 3402 TROWITchu
1305 3370 1362 3399 ΕΤ
1389 3369 1511 3399 FILII·
