<?xml version="1.0" encoding="UTF-8"?>
<!DOCTYPE html PUBLIC "-//W3C//DTD XHTML 1.0 Transitional//EN"
    "http://www.w3.org/TR/xhtml1/DTD/xhtml1-transitional.dtd">
<html xmlns="http://www.w3.org/1999/xhtml" xml:lang="en" lang="en">
 <head>
  <title>
</title>
<meta http-equiv="Content-Type" content="text/html;charset=utf-8" />
  <meta name='ocr-system' content='tesseract 3.04.00' />
  <meta name='ocr-capabilities' content='ocr_page ocr_carea ocr_par ocr_line ocrx_word'/>
</head>
<body>
  <div class='ocr_page' id='page_1' title='image "./novaeobservation00crep_0117.png"; bbox 0 0 2111 3622; ppageno 0'>
   <div class='ocr_carea' id='block_1_1' title="bbox 54 177 1821 2949">
    <p class='ocr_par' dir='ltr' id='par_1_1' title="bbox 709 177 1151 237">
     <span class='ocr_line' id='line_1_1' title="bbox 709 177 1151 237; baseline -0.002 0"><span class='ocrx_word' id='word_1_1' title='bbox 709 180 790 225; x_wconf 60' lang='lat'><strong>4-</strong></span> <span class='ocrx_word' id='word_1_2' title='bbox 873 177 989 237; x_wconf 83' lang='lat'><strong>103</strong></span> <span class='ocrx_word' id='word_1_3' title='bbox 1069 209 1151 223; x_wconf 93' lang='lat'><em>-</em></span> 
     </span>
    </p>

    <p class='ocr_par' dir='ltr' id='par_1_2' title="bbox 54 312 1757 2135">
     <span class='ocr_line' id='line_1_2' title="bbox 97 312 1754 392; baseline -0.005 -17"><span class='ocrx_word' id='word_1_4' title='bbox 97 329 154 375; x_wconf 85' lang='lat' dir='ltr'><strong>et</strong></span> <span class='ocrx_word' id='word_1_5' title='bbox 209 316 338 373; x_wconf 86' lang='lat' dir='ltr'><strong>colli</strong></span> <span class='ocrx_word' id='word_1_6' title='bbox 401 316 625 392; x_wconf 83' lang='lat' dir='ltr'><strong>paulum</strong></span> <span class='ocrx_word' id='word_1_7' title='bbox 659 315 950 372; x_wconf 69' lang='lat' dir='ltr'><strong>diversum</strong></span> <span class='ocrx_word' id='word_1_8' title='bbox 1001 322 1095 370; x_wconf 16' lang='lat' dir='ltr'><strong>*est</strong></span> <span class='ocrx_word' id='word_1_9' title='bbox 1149 331 1180 366; x_wconf 82' lang='lat' dir='ltr'><strong>a</strong></span> <span class='ocrx_word' id='word_1_10' title='bbox 1238 313 1400 368; x_wconf 87' lang='lat' dir='ltr'><strong>modo</strong></span> <span class='ocrx_word' id='word_1_11' title='bbox 1458 312 1754 387; x_wconf 73' lang='lat' dir='ltr'><strong>descriptis.</strong></span> 
     </span>
     <span class='ocr_line' id='line_1_3' title="bbox 93 414 1754 490; baseline -0.004 -14"><span class='ocrx_word' id='word_1_12' title='bbox 93 420 270 477; x_wconf 69' lang='lat' dir='ltr'><strong>Prius</strong></span> <span class='ocrx_word' id='word_1_13' title='bbox 304 420 451 475; x_wconf 91' lang='lat' dir='ltr'><strong>enim</strong></span> <span class='ocrx_word' id='word_1_14' title='bbox 489 428 576 474; x_wconf 88' lang='lat' dir='ltr'><strong>est</strong></span> <span class='ocrx_word' id='word_1_15' title='bbox 610 418 773 475; x_wconf 88' lang='lat' dir='ltr'><strong>breve</strong></span> <span class='ocrx_word' id='word_1_16' title='bbox 810 417 989 483; x_wconf 79' lang='lat' dir='ltr'><strong>etiam,</strong></span> <span class='ocrx_word' id='word_1_17' title='bbox 1027 414 1126 473; x_wconf 82' lang='lat' dir='ltr'><strong>sed</strong></span> <span class='ocrx_word' id='word_1_18' title='bbox 1165 423 1315 490; x_wconf 78' lang='lat' dir='ltr'><strong>par-te</strong></span> <span class='ocrx_word' id='word_1_19' title='bbox 1358 415 1532 470; x_wconf 86' lang='lat' dir='ltr'><strong>antica</strong></span> <span class='ocrx_word' id='word_1_20' title='bbox 1569 415 1754 490; x_wconf 78' lang='lat' dir='ltr'><strong>paulu·</strong></span> 
     </span>
     <span class='ocr_line' id='line_1_4' title="bbox 95 516 1751 597; baseline -0.005 -19"><span class='ocrx_word' id='word_1_21' title='bbox 95 524 213 578; x_wconf 91' lang='lat' dir='ltr'><strong>lum</strong></span> <span class='ocrx_word' id='word_1_22' title='bbox 258 531 524 597; x_wconf 81' lang='lat' dir='ltr'><strong>protracta</strong></span> <span class='ocrx_word' id='word_1_23' title='bbox 572 521 838 587; x_wconf 86' lang='lat' dir='ltr'><strong>conicum,</strong></span> <span class='ocrx_word' id='word_1_24' title='bbox 891 528 948 576; x_wconf 89' lang='lat' dir='ltr'><strong>et</strong></span> <span class='ocrx_word' id='word_1_25' title='bbox 971 517 1175 575; x_wconf 49' lang='lat' dir='ltr'><strong>-ins---iuo</strong></span> <span class='ocrx_word' id='word_1_26' title='bbox 1188 516 1366 590; x_wconf 57' lang='lat' dir='ltr'><strong>-421pice</strong></span> <span class='ocrx_word' id='word_1_27' title='bbox 1403 516 1751 584; x_wconf 78' lang='lat' dir='ltr'><strong>monstrabat,</strong></span> 
     </span>
     <span class='ocr_line' id='line_1_5' title="bbox 92 618 1752 692; baseline -0.005 -11"><span class='ocrx_word' id='word_1_28' title='bbox 92 645 280 682; x_wconf 89' lang='lat' dir='ltr'><strong>recens</strong></span> <span class='ocrx_word' id='word_1_29' title='bbox 335 624 729 691; x_wconf 82' lang='lat' dir='ltr'><strong>examinatum,</strong></span> <span class='ocrx_word' id='word_1_30' title='bbox 789 622 1032 678; x_wconf 82' lang='lat' dir='ltr'><strong>foramen</strong></span> <span class='ocrx_word' id='word_1_31' title='bbox 1085 618 1294 675; x_wconf 83' lang='lat' dir='ltr'><strong>rostelli</strong></span> <span class='ocrx_word' id='word_1_32' title='bbox 1337 654 1343 673; x_wconf 81' lang='lat'><strong>-.</strong></span> <span class='ocrx_word' id='word_1_33' title='bbox 1355 618 1522 678; x_wconf 73' lang='lat' dir='ltr'><strong>exitui</strong></span> <span class='ocrx_word' id='word_1_34' title='bbox 1565 619 1752 692; x_wconf 89' lang='lat' dir='ltr'><strong>procul</strong></span> 
     </span>
     <span class='ocr_line' id='line_1_6' title="bbox 94 721 1753 796; baseline -0.005 -14"><span class='ocrx_word' id='word_1_35' title='bbox 94 728 255 782; x_wconf 88' lang='lat' dir='ltr'><strong>dubio</strong></span> <span class='ocrx_word' id='word_1_36' title='bbox 294 727 645 796; x_wconf 84' lang='lat' dir='ltr'><strong>destinatum3</strong></span> <span class='ocrx_word' id='word_1_37' title='bbox 682 725 885 781; x_wconf 70' lang='lat' dir='ltr'><strong>collum</strong></span> <span class='ocrx_word' id='word_1_38' title='bbox 921 721 1095 796; x_wconf 82' lang='lat' dir='ltr'><strong>capite</strong></span> <span class='ocrx_word' id='word_1_39' title='bbox 1132 723 1305 777; x_wconf 80' lang='lat' dir='ltr'><strong>multo</strong></span> <span class='ocrx_word' id='word_1_40' title='bbox 1341 721 1558 776; x_wconf 81' lang='lat' dir='ltr'><strong>tenuius</strong></span> <span class='ocrx_word' id='word_1_41' title='bbox 1597 731 1651 775; x_wconf 89' lang='lat' dir='ltr'><strong>et</strong></span> <span class='ocrx_word' id='word_1_42' title='bbox 1688 721 1753 774; x_wconf 83' lang='lat' dir='ltr'><strong>ab</strong></span> 
     </span>
     <span class='ocr_line' id='line_1_7' title="bbox 91 823 1754 900; baseline -0.005 -16"><span class='ocrx_word' id='word_1_43' title='bbox 91 829 196 884; x_wconf 88' lang='lat' dir='ltr'><strong>hoc</strong></span> <span class='ocrx_word' id='word_1_44' title='bbox 232 829 477 884; x_wconf 81' lang='lat' dir='ltr'><strong>strictura</strong></span> <span class='ocrx_word' id='word_1_45' title='bbox 515 829 824 895; x_wconf 85' lang='lat' dir='ltr'><strong>discretum,</strong></span> <span class='ocrx_word' id='word_1_46' title='bbox 861 825 1022 881; x_wconf 89' lang='lat' dir='ltr'><strong>breve</strong></span> <span class='ocrx_word' id='word_1_47' title='bbox 1051 826 1271 898; x_wconf 86' lang='lat' dir='ltr'><strong>quidem</strong></span> <span class='ocrx_word' id='word_1_48' title='bbox 1295 825 1510 900; x_wconf 76' lang='lat' dir='ltr'><strong>pariter,</strong></span> <span class='ocrx_word' id='word_1_49' title='bbox 1548 823 1754 878; x_wconf 83' lang='lat' dir='ltr'><strong>ratione</strong></span> 
     </span>
     <span class='ocr_line' id='line_1_8' title="bbox 90 926 1753 1006; baseline -0.001 -21"><span class='ocrx_word' id='word_1_50' title='bbox 90 931 272 986; x_wconf 83' lang='lat' dir='ltr'><strong>habita</strong></span> <span class='ocrx_word' id='word_1_51' title='bbox 308 933 473 987; x_wconf 81' lang='lat' dir='ltr'><strong>totius</strong></span> <span class='ocrx_word' id='word_1_52' title='bbox 512 931 769 1006; x_wconf 87' lang='lat' dir='ltr'><strong>corporis,</strong></span> <span class='ocrx_word' id='word_1_53' title='bbox 819 929 965 1004; x_wconf 86' lang='lat' dir='ltr'><strong>quod</strong></span> <span class='ocrx_word' id='word_1_54' title='bbox 1002 929 1211 983; x_wconf 80' lang='lat' dir='ltr'><strong>circiter</strong></span> <span class='ocrx_word' id='word_1_55' title='bbox 1248 928 1486 1003; x_wconf 74' lang='lat' dir='ltr'><strong>quinque</strong></span> <span class='ocrx_word' id='word_1_56' title='bbox 1523 926 1753 1002; x_wconf 76' lang='lat' dir='ltr'><strong>pollices</strong></span> 
     </span>
     <span class='ocr_line' id='line_1_9' title="bbox 90 1029 1753 1108; baseline -0.003 -19"><span class='ocrx_word' id='word_1_57' title='bbox 90 1045 302 1108; x_wconf 81' lang='lat' dir='ltr'><strong>aequat,</strong></span> <span class='ocrx_word' id='word_1_58' title='bbox 360 1034 643 1104; x_wconf 81' lang='lat' dir='ltr'><strong>latitudine</strong></span> <span class='ocrx_word' id='word_1_59' title='bbox 689 1033 747 1087; x_wconf 88' lang='lat' dir='ltr'><strong>in</strong></span> <span class='ocrx_word' id='word_1_60' title='bbox 798 1032 1019 1087; x_wconf 85' lang='lat' dir='ltr'><strong>dimidio</strong></span> <span class='ocrx_word' id='word_1_61' title='bbox 1067 1030 1304 1106; x_wconf 87' lang='lat' dir='ltr'><strong>corporis</strong></span> <span class='ocrx_word' id='word_1_62' title='bbox 1349 1031 1646 1105; x_wconf 83' lang='lat' dir='ltr'><strong>posteriore</strong></span> <span class='ocrx_word' id='word_1_63' title='bbox 1690 1029 1753 1083; x_wconf 87' lang='lat' dir='ltr'><strong>li-</strong></span> 
     </span>
     <span class='ocr_line' id='line_1_10' title="bbox 87 1133 1752 1208; baseline -0.002 -18"><span class='ocrx_word' id='word_1_64' title='bbox 87 1157 249 1192; x_wconf 81' lang='lat' dir='ltr'><strong>neam</strong></span> <span class='ocrx_word' id='word_1_65' title='bbox 286 1156 395 1190; x_wconf 89' lang='lat' dir='ltr'><strong>non</strong></span> <span class='ocrx_word' id='word_1_66' title='bbox 434 1136 745 1208; x_wconf 74' lang='lat' dir='ltr'><strong>attingente,</strong></span> <span class='ocrx_word' id='word_1_67' title='bbox 788 1135 886 1189; x_wconf 89' lang='lat' dir='ltr'><strong>sed</strong></span> <span class='ocrx_word' id='word_1_68' title='bbox 922 1134 1095 1188; x_wconf 87' lang='lat' dir='ltr'><strong>mul-to</strong></span> <span class='ocrx_word' id='word_1_69' title='bbox 1133 1134 1348 1207; x_wconf 83' lang='lat' dir='ltr'><strong>longius</strong></span> <span class='ocrx_word' id='word_1_70' title='bbox 1384 1144 1568 1188; x_wconf 82' lang='lat' dir='ltr'><strong>tamen</strong></span> <span class='ocrx_word' id='word_1_71' title='bbox 1605 1133 1752 1187; x_wconf 90' lang='lat' dir='ltr'><strong>collo</strong></span> 
     </span>
     <span class='ocr_line' id='line_1_11' title="bbox 90 1234 1752 1313; baseline -0.003 -19"><span class='ocrx_word' id='word_1_72' title='bbox 90 1234 421 1294; x_wconf 59' lang='lat' dir='ltr'><strong>caeterorum</strong></span> <span class='ocrx_word' id='word_1_73' title='bbox 459 1237 836 1313; x_wconf 84' lang='lat' dir='ltr'><strong>speciminum,</strong></span> <span class='ocrx_word' id='word_1_74' title='bbox 895 1255 1019 1290; x_wconf 87' lang='lat' dir='ltr'><strong>cum</strong></span> <span class='ocrx_word' id='word_1_75' title='bbox 1055 1245 1239 1291; x_wconf 77' lang='lat' dir='ltr'><strong>tamen</strong></span> <span class='ocrx_word' id='word_1_76' title='bbox 1277 1238 1488 1292; x_wconf 79' lang='lat' dir='ltr'><strong>circiter</strong></span> <span class='ocrx_word' id='word_1_77' title='bbox 1525 1237 1656 1291; x_wconf 84' lang='lat' dir='ltr'><strong>duas</strong></span> <span class='ocrx_word' id='word_1_78' title='bbox 1690 1235 1752 1290; x_wconf 90' lang='lat' dir='ltr'><strong>li-</strong></span> 
     </span>
     <span class='ocr_line' id='line_1_12' title="bbox 89 1339 1750 1421; baseline -0.003 -24"><span class='ocrx_word' id='word_1_79' title='bbox 89 1363 220 1398; x_wconf 86' lang='lat' dir='ltr'><strong>neas</strong></span> <span class='ocrx_word' id='word_1_80' title='bbox 254 1349 454 1421; x_wconf 75' lang='lat' dir='ltr'><strong>teneat.</strong></span> <span class='ocrx_word' id='word_1_81' title='bbox 505 1340 822 1397; x_wconf 75' lang='lat' dir='ltr'><strong>Articuli</strong></span> <span class='ocrx_word' id='word_1_82' title='bbox 859 1340 1187 1395; x_wconf 86' lang='lat' dir='ltr'><strong>conveniunt</strong></span> <span class='ocrx_word' id='word_1_83' title='bbox 1209 1359 1333 1395; x_wconf 89' lang='lat' dir='ltr'><strong>cum</strong></span> <span class='ocrx_word' id='word_1_84' title='bbox 1366 1340 1432 1395; x_wconf 88' lang='lat' dir='ltr'><strong>iis</strong></span> <span class='ocrx_word' id='word_1_85' title='bbox 1461 1339 1750 1414; x_wconf 85' lang='lat' dir='ltr'><strong>descripto-</strong></span> 
     </span>
     <span class='ocr_line' id='line_1_13' title="bbox 89 1443 1753 1518; baseline -0.004 -16"><span class='ocrx_word' id='word_1_86' title='bbox 89 1465 228 1512; x_wconf 84' lang='lat' dir='ltr'><strong>rum,</strong></span> <span class='ocrx_word' id='word_1_87' title='bbox 285 1454 342 1500; x_wconf 83' lang='lat' dir='ltr'><strong>et</strong></span> <span class='ocrx_word' id='word_1_88' title='bbox 383 1444 544 1518; x_wconf 87' lang='lat' dir='ltr'><strong>primi</strong></span> <span class='ocrx_word' id='word_1_89' title='bbox 591 1443 810 1517; x_wconf 88' lang='lat' dir='ltr'><strong>quidem</strong></span> <span class='ocrx_word' id='word_1_90' title='bbox 856 1452 983 1498; x_wconf 89' lang='lat' dir='ltr'><strong>sunt</strong></span> <span class='ocrx_word' id='word_1_91' title='bbox 1026 1443 1405 1515; x_wconf 81' lang='lat' dir='ltr'><strong>rugaeformcS,</strong></span> <span class='ocrx_word' id='word_1_92' title='bbox 1463 1451 1753 1517; x_wconf 79' lang='lat' dir='ltr'><strong>sequentes</strong></span> 
     </span>
     <span class='ocr_line' id='line_1_14' title="bbox 54 1542 1754 1619; baseline -0.004 -16"><span class='ocrx_word' id='word_1_93' title='bbox 54 1560 57 1563; x_wconf 84' lang='lat'>&#39;</span> <span class='ocrx_word' id='word_1_94' title='bbox 92 1542 434 1614; x_wconf 77' lang='lat' dir='ltr'><strong>subcuneati,</strong></span> <span class='ocrx_word' id='word_1_95' title='bbox 495 1546 835 1619; x_wconf 80' lang='lat' dir='ltr'><strong>marginibus</strong></span> <span class='ocrx_word' id='word_1_96' title='bbox 881 1545 1191 1601; x_wconf 76' lang='lat' dir='ltr'><strong>lateralibus</strong></span> <span class='ocrx_word' id='word_1_97' title='bbox 1237 1546 1452 1599; x_wconf 75' lang='lat' dir='ltr'><strong>interim</strong></span> <span class='ocrx_word' id='word_1_98' title='bbox 1500 1546 1623 1619; x_wconf 88' lang='lat' dir='ltr'><strong>plus</strong></span> <span class='ocrx_word' id='word_1_99' title='bbox 1666 1545 1754 1599; x_wconf 85' lang='lat' dir='ltr'><strong>vcl</strong></span> 
     </span>
     <span class='ocr_line' id='line_1_15' title="bbox 91 1647 1756 1722; baseline -0.002 -18"><span class='ocrx_word' id='word_1_100' title='bbox 91 1651 272 1705; x_wconf 88' lang='lat' dir='ltr'><strong>minus</strong></span> <span class='ocrx_word' id='word_1_101' title='bbox 321 1649 592 1715; x_wconf 81' lang='lat' dir='ltr'><strong>convexis,</strong></span> <span class='ocrx_word' id='word_1_102' title='bbox 649 1649 854 1714; x_wconf 84' lang='lat' dir='ltr'><strong>brech,</strong></span> <span class='ocrx_word' id='word_1_103' title='bbox 910 1648 1103 1722; x_wconf 85' lang='lat' dir='ltr'><strong>reliqui</strong></span> <span class='ocrx_word' id='word_1_104' title='bbox 1140 1647 1311 1721; x_wconf 83' lang='lat' dir='ltr'><strong>magis</strong></span> <span class='ocrx_word' id='word_1_105' title='bbox 1351 1648 1602 1720; x_wconf 79' lang='lat' dir='ltr'><strong>elongati,</strong></span> <span class='ocrx_word' id='word_1_106' title='bbox 1660 1649 1756 1702; x_wconf 86' lang='lat' dir='ltr'><strong>sed</strong></span> 
     </span>
     <span class='ocr_line' id='line_1_16' title="bbox 94 1750 1753 1825; baseline -0.002 -17"><span class='ocrx_word' id='word_1_107' title='bbox 94 1753 168 1809; x_wconf 82' lang='lat' dir='ltr'><strong>ita</strong></span> <span class='ocrx_word' id='word_1_108' title='bbox 211 1762 440 1819; x_wconf 81' lang='lat' dir='ltr'><strong>tantum,</strong></span> <span class='ocrx_word' id='word_1_109' title='bbox 499 1762 561 1806; x_wconf 87' lang='lat' dir='ltr'><strong>ut</strong></span> <span class='ocrx_word' id='word_1_110' title='bbox 597 1751 876 1824; x_wconf 75' lang='lat' dir='ltr'><strong>longitudo</strong></span> <span class='ocrx_word' id='word_1_111' title='bbox 912 1750 1253 1804; x_wconf 80' lang='lat' dir='ltr'><strong>latitudinem</strong></span> <span class='ocrx_word' id='word_1_112' title='bbox 1291 1770 1482 1825; x_wconf 78' lang='lat' dir='ltr'><strong>parum</strong></span> <span class='ocrx_word' id='word_1_113' title='bbox 1519 1761 1753 1824; x_wconf 78' lang='lat' dir='ltr'><strong>superet,</strong></span> 
     </span>
     <span class='ocr_line' id='line_1_17' title="bbox 95 1854 1757 1929; baseline -0.003 -18"><span class='ocrx_word' id='word_1_114' title='bbox 95 1856 271 1910; x_wconf 78' lang='lat' dir='ltr'><strong>antice</strong></span> <span class='ocrx_word' id='word_1_115' title='bbox 301 1854 589 1921; x_wconf 81' lang='lat' dir='ltr'><strong>rotundati‚</strong></span> <span class='ocrx_word' id='word_1_116' title='bbox 629 1854 928 1926; x_wconf 81' lang='lat' dir='ltr'><strong>marginem</strong></span> <span class='ocrx_word' id='word_1_117' title='bbox 963 1854 1233 1929; x_wconf 75' lang='lat' dir='ltr'><strong>posticum</strong></span> <span class='ocrx_word' id='word_1_118' title='bbox 1269 1862 1414 1907; x_wconf 79' lang='lat' dir='ltr'><strong>recte</strong></span> <span class='ocrx_word' id='word_1_119' title='bbox 1451 1862 1757 1908; x_wconf 82' lang='lat' dir='ltr'><strong>truncatum</strong></span> 
     </span>
     <span class='ocr_line' id='line_1_18' title="bbox 94 1955 1756 2032; baseline -0.003 -19"><span class='ocrx_word' id='word_1_120' title='bbox 94 1978 280 2014; x_wconf 86' lang='lat' dir='ltr'><strong>versus</strong></span> <span class='ocrx_word' id='word_1_121' title='bbox 329 1957 610 2032; x_wconf 81' lang='lat' dir='ltr'><strong>paululum</strong></span> <span class='ocrx_word' id='word_1_122' title='bbox 660 1957 938 2030; x_wconf 81' lang='lat' dir='ltr'><strong>angustati.</strong></span> <span class='ocrx_word' id='word_1_123' title='bbox 1029 1956 1342 2011; x_wconf 77' lang='lat' dir='ltr'><strong>Foramina</strong></span> <span class='ocrx_word' id='word_1_124' title='bbox 1392 1955 1756 2009; x_wconf 77' lang='lat' dir='ltr'><strong>articulorum</strong></span> 
     </span>
     <span class='ocr_line' id='line_1_19' title="bbox 96 2059 1672 2135; baseline -0.004 -19"><span class='ocrx_word' id='word_1_125' title='bbox 96 2061 397 2118; x_wconf 86' lang='lat' dir='ltr'><strong>mediorum</strong></span> <span class='ocrx_word' id='word_1_126' title='bbox 435 2070 490 2116; x_wconf 87' lang='lat' dir='ltr'><strong>et</strong></span> <span class='ocrx_word' id='word_1_127' title='bbox 524 2060 873 2135; x_wconf 69' lang='lat' dir='ltr'><strong>postiemum,</strong></span> <span class='ocrx_word' id='word_1_128' title='bbox 924 2059 1202 2133; x_wconf 76' lang='lat' dir='ltr'><strong>utisupra</strong></span> <span class='ocrx_word' id='word_1_129' title='bbox 1241 2059 1536 2113; x_wconf 81' lang='lat' dir='ltr'><strong>indicatum</strong></span> <span class='ocrx_word' id='word_1_130' title='bbox 1576 2068 1672 2112; x_wconf 86' lang='lat' dir='ltr'><strong>cst.</strong></span> 
     </span>
    </p>

    <p class='ocr_par' dir='ltr' id='par_1_3' title="bbox 97 2160 1821 2949">
     <span class='ocr_line' id='line_1_20' title="bbox 249 2160 1754 2235; baseline -0.003 -17"><span class='ocrx_word' id='word_1_131' title='bbox 249 2163 379 2218; x_wconf 78' lang='lat' dir='ltr'><strong>Obs.</strong></span> <span class='ocrx_word' id='word_1_132' title='bbox 453 2163 517 2217; x_wconf 89' lang='lat' dir='ltr'><strong>In</strong></span> <span class='ocrx_word' id='word_1_133' title='bbox 579 2162 816 2218; x_wconf 81' lang='lat' dir='ltr'><strong>Ciconia</strong></span> <span class='ocrx_word' id='word_1_134' title='bbox 871 2161 1013 2216; x_wconf 82' lang='lat' dir='ltr'><strong>alba</strong></span> <span class='ocrx_word' id='word_1_135' title='bbox 1067 2160 1347 2235; x_wconf 86' lang='lat' dir='ltr'><strong>hucusque</strong></span> <span class='ocrx_word' id='word_1_136' title='bbox 1413 2161 1754 2217; x_wconf 82' lang='lat' dir='ltr'><strong>solummodo</strong></span> 
     </span>
     <span class='ocr_line' id='line_1_21' title="bbox 97 2263 1759 2339; baseline -0.004 -19"><span class='ocrx_word' id='word_1_137' title='bbox 97 2267 163 2321; x_wconf 82' lang='lat' dir='ltr'><strong>ab</strong></span> <span class='ocrx_word' id='word_1_138' title='bbox 216 2265 672 2339; x_wconf 70' lang='lat' dir='ltr'><strong>Helminthologis</strong></span> <span class='ocrx_word' id='word_1_139' title='bbox 726 2264 1129 2321; x_wconf 83' lang='lat' dir='ltr'><strong>Viennensibus</strong></span> <span class='ocrx_word' id='word_1_140' title='bbox 1193 2263 1439 2327; x_wconf 77' lang='lat' dir='ltr'><strong>Taenia,</strong></span> <span class='ocrx_word' id='word_1_141' title='bbox 1498 2273 1759 2336; x_wconf 84' lang='lat' dir='ltr'><strong>quantum</strong></span> 
     </span>
     <span class='ocr_line' id='line_1_22' title="bbox 98 2366 1760 2442; baseline -0.002 -20"><span class='ocrx_word' id='word_1_142' title='bbox 98 2368 233 2422; x_wconf 85' lang='lat' dir='ltr'><strong>mihi</strong></span> <span class='ocrx_word' id='word_1_143' title='bbox 280 2368 500 2442; x_wconf 86' lang='lat' dir='ltr'><strong>quidem</strong></span> <span class='ocrx_word' id='word_1_144' title='bbox 543 2367 795 2433; x_wconf 83' lang='lat' dir='ltr'><strong>innotuit,</strong></span> <span class='ocrx_word' id='word_1_145' title='bbox 850 2376 1080 2442; x_wconf 81' lang='lat' dir='ltr'><strong>reperta,</strong></span> <span class='ocrx_word' id='word_1_146' title='bbox 1138 2376 1191 2420; x_wconf 89' lang='lat' dir='ltr'><strong>et</strong></span> <span class='ocrx_word' id='word_1_147' title='bbox 1240 2368 1354 2440; x_wconf 88' lang='lat' dir='ltr'><strong>ejus</strong></span> <span class='ocrx_word' id='word_1_148' title='bbox 1402 2366 1760 2439; x_wconf 78' lang='lat' dir='ltr'><strong>fragmentum</strong></span> 
     </span>
     <span class='ocr_line' id='line_1_23' title="bbox 99 2452 1758 2544; baseline -0.002 -19"><span class='ocrx_word' id='word_1_149' title='bbox 99 2470 323 2525; x_wconf 87' lang='lat' dir='ltr'><strong>unicum</strong></span> <span class='ocrx_word' id='word_1_150' title='bbox 368 2469 694 2544; x_wconf 81' lang='lat' dir='ltr'><strong>tripollicare</strong></span> <span class='ocrx_word' id='word_1_151' title='bbox 742 2469 860 2524; x_wconf 88' lang='lat' dir='ltr'><strong>sine</strong></span> <span class='ocrx_word' id='word_1_152' title='bbox 909 2468 1085 2544; x_wconf 81' lang='lat' dir='ltr'><strong>capite</strong></span> <span class='ocrx_word' id='word_1_153' title='bbox 1134 2477 1190 2523; x_wconf 84' lang='lat' dir='ltr'><strong>et</strong></span> <span class='ocrx_word' id='word_1_154' title='bbox 1228 2468 1370 2522; x_wconf 91' lang='lat' dir='ltr'><strong>collo</strong></span> <span class='ocrx_word' id='word_1_155' title='bbox 1410 2468 1476 2521; x_wconf 81' lang='lat' dir='ltr'><strong>ab</strong></span> <span class='ocrx_word' id='word_1_156' title='bbox 1514 2469 1590 2522; x_wconf 88' lang='lat' dir='ltr'><strong>ill.</strong></span> <span class='ocrx_word' id='word_1_157' title='bbox 1617 2452 1758 2522; x_wconf 60' lang='lat' dir='ltr'><strong>‘Ru-</strong></span> 
     </span>
     <span class='ocr_line' id='line_1_24' title="bbox 101 2570 1821 2647; baseline -0.004 -18"><span class='ocrx_word' id='word_1_158' title='bbox 101 2571 347 2647; x_wconf 67' lang='lat' dir='ltr'><strong>dolplei</strong></span> <span class='ocrx_word' id='word_1_159' title='bbox 384 2572 750 2626; x_wconf 83' lang='lat' dir='ltr'><strong>examinatum</strong></span> <span class='ocrx_word' id='word_1_160' title='bbox 788 2579 844 2626; x_wconf 79' lang='lat' dir='ltr'><strong>et</strong></span> <span class='ocrx_word' id='word_1_161' title='bbox 881 2570 1208 2645; x_wconf 87' lang='lat' dir='ltr'><strong>descriptum</strong></span> <span class='ocrx_word' id='word_1_162' title='bbox 1246 2581 1329 2626; x_wconf 87' lang='lat' dir='ltr'><strong>est</strong></span> <span class='ocrx_word' id='word_1_163' title='bbox 1352 2572 1409 2639; x_wconf 89' lang='lat'><strong>¹).</strong></span> <span class='ocrx_word' id='word_1_164' title='bbox 1477 2570 1649 2644; x_wconf 87' lang='lat' dir='ltr'><strong>Hujus</strong></span> <span class='ocrx_word' id='word_1_165' title='bbox 1689 2590 1763 2623; x_wconf 81' lang='lat' dir='ltr'><strong>ar-</strong></span> <span class='ocrx_word' id='word_1_166' title='bbox 1814 2588 1821 2591; x_wconf 85' lang='lat'>·</span> 
     </span>
     <span class='ocr_line' id='line_1_25' title="bbox 100 2673 1763 2731; baseline -0.004 0"><span class='ocrx_word' id='word_1_167' title='bbox 100 2675 253 2731; x_wconf 83' lang='lat' dir='ltr'><strong>ticuli</strong></span> <span class='ocrx_word' id='word_1_168' title='bbox 307 2694 432 2730; x_wconf 87' lang='lat' dir='ltr'><strong>cum</strong></span> <span class='ocrx_word' id='word_1_169' title='bbox 476 2674 589 2730; x_wconf 86' lang='lat' dir='ltr'><strong>illis</strong></span> <span class='ocrx_word' id='word_1_170' title='bbox 634 2673 957 2730; x_wconf 84' lang='lat' dir='ltr'><strong>Taeniarum</strong></span> <span class='ocrx_word' id='word_1_171' title='bbox 1004 2692 1247 2728; x_wconf 85' lang='lat' dir='ltr'><strong>mearum</strong></span> <span class='ocrx_word' id='word_1_172' title='bbox 1296 2675 1424 2730; x_wconf 84' lang='lat' dir='ltr'><strong>satis</strong></span> <span class='ocrx_word' id='word_1_173' title='bbox 1475 2673 1763 2728; x_wconf 85' lang='lat' dir='ltr'><strong>convenire</strong></span> 
     </span>
     <span class='ocr_line' id='line_1_26' title="bbox 102 2776 1762 2851; baseline -0.002 -18"><span class='ocrx_word' id='word_1_174' title='bbox 102 2778 364 2844; x_wconf 79' lang='lat' dir='ltr'><strong>videntur,</strong></span> <span class='ocrx_word' id='word_1_175' title='bbox 403 2785 466 2834; x_wconf 81' lang='lat' dir='ltr'><strong>ut</strong></span> <span class='ocrx_word' id='word_1_176' title='bbox 501 2776 734 2844; x_wconf 83' lang='lat' dir='ltr'><strong>credam,</strong></span> <span class='ocrx_word' id='word_1_177' title='bbox 771 2786 1027 2851; x_wconf 85' lang='lat' dir='ltr'><strong>utrasque</strong></span> <span class='ocrx_word' id='word_1_178' title='bbox 1063 2776 1224 2832; x_wconf 88' lang='lat' dir='ltr'><strong>unius</strong></span> <span class='ocrx_word' id='word_1_179' title='bbox 1266 2778 1616 2851; x_wconf 84' lang='lat' dir='ltr'><strong>ejusdemque</strong></span> <span class='ocrx_word' id='word_1_180' title='bbox 1648 2795 1762 2848; x_wconf 86' lang='lat' dir='ltr'><strong>spe-</strong></span> 
     </span>
     <span class='ocr_line' id='line_1_27' title="bbox 106 2878 1763 2949; baseline -0.004 -13"><span class='ocrx_word' id='word_1_181' title='bbox 106 2882 208 2936; x_wconf 89' lang='lat' dir='ltr'><strong>ciei</strong></span> <span class='ocrx_word' id='word_1_182' title='bbox 257 2901 404 2949; x_wconf 85' lang='lat' dir='ltr'><strong>esse3</strong></span> <span class='ocrx_word' id='word_1_183' title='bbox 461 2899 593 2934; x_wconf 90' lang='lat' dir='ltr'><strong>num</strong></span> <span class='ocrx_word' id='word_1_184' title='bbox 637 2899 766 2934; x_wconf 85' lang='lat' dir='ltr'><strong>vero</strong></span> <span class='ocrx_word' id='word_1_185' title='bbox 813 2880 978 2936; x_wconf 81' lang='lat' dir='ltr'><strong>etiam</strong></span> <span class='ocrx_word' id='word_1_186' title='bbox 1027 2881 1352 2948; x_wconf 81' lang='lat' dir='ltr'><strong>conveniant</strong></span> <span class='ocrx_word' id='word_1_187' title='bbox 1401 2900 1524 2935; x_wconf 88' lang='lat' dir='ltr'><strong>cum</strong></span> <span class='ocrx_word' id='word_1_188' title='bbox 1561 2878 1763 2931; x_wconf 81' lang='lat' dir='ltr'><strong>Taenia</strong></span> 
     </span>
    </p>
   </div>
   <div class='ocr_carea' id='block_1_2' title="bbox 108 2980 1765 3059">
    <p class='ocr_par' dir='ltr' id='par_1_4' title="bbox 108 2980 1765 3059">
     <span class='ocr_line' id='line_1_28' title="bbox 108 2980 1765 3059; baseline -0.003 -21"><span class='ocrx_word' id='word_1_189' title='bbox 108 2999 138 3037; x_wconf 77' lang='lat' dir='ltr'>a</span> <span class='ocrx_word' id='word_1_190' title='bbox 175 2983 493 3039; x_wconf 76' lang='lat' dir='ltr'><strong>Braunio</strong></span> <span class='ocrx_word' id='word_1_191' title='bbox 540 2982 597 3038; x_wconf 89' lang='lat' dir='ltr'><strong>in</strong></span> <span class='ocrx_word' id='word_1_192' title='bbox 638 2983 832 3056; x_wconf 66' lang='lat' dir='ltr'><strong>Ardea</strong></span> <span class='ocrx_word' id='word_1_193' title='bbox 866 2983 1095 3040; x_wconf 79' lang='lat' dir='ltr'><strong>cinerea</strong></span> <span class='ocrx_word' id='word_1_194' title='bbox 1131 2994 1341 3059; x_wconf 81' lang='lat' dir='ltr'><strong>reperta</strong></span> <span class='ocrx_word' id='word_1_195' title='bbox 1380 2994 1435 3040; x_wconf 89' lang='lat' dir='ltr'><strong>ct</strong></span> <span class='ocrx_word' id='word_1_196' title='bbox 1473 2984 1537 3036; x_wconf 84' lang='lat' dir='ltr'><strong>ab</strong></span> <span class='ocrx_word' id='word_1_197' title='bbox 1576 2980 1765 3035; x_wconf 80' lang='lat' dir='ltr'><strong>eodem</strong></span> 
     </span>
    </p>
   </div>
   <div class='ocr_carea' id='block_1_3' title="bbox 106 3138 439 3151">
    <p class='ocr_par' dir='ltr' id='par_1_5' title="bbox 106 3138 439 3151">
     <span class='ocr_line' id='line_1_29' title="bbox 106 3138 439 3151; baseline 0 471"><span class='ocrx_word' id='word_1_198' title='bbox 106 3138 439 3151; x_wconf 95' lang='lat' dir='ltr'><strong> </strong></span> 
     </span>
    </p>
   </div>
   <div class='ocr_carea' id='block_1_4' title="bbox 232 3231 704 3299">
    <p class='ocr_par' dir='ltr' id='par_1_6' title="bbox 232 3231 704 3299">
     <span class='ocr_line' id='line_1_30' title="bbox 232 3231 704 3299; baseline 0.002 -19"><span class='ocrx_word' id='word_1_199' title='bbox 232 3235 275 3286; x_wconf 85' lang='lat'><strong>1)</strong></span> <span class='ocrx_word' id='word_1_200' title='bbox 302 3238 492 3299; x_wconf 81' lang='lat' dir='ltr'><strong>Synops.</strong></span> <span class='ocrx_word' id='word_1_201' title='bbox 523 3252 569 3299; x_wconf 82' lang='lat' dir='ltr'><strong>p.</strong></span> <span class='ocrx_word' id='word_1_202' title='bbox 603 3231 704 3281; x_wconf 81' lang='lat'><strong>534.</strong></span> 
     </span>
    </p>
   </div>
   <div class='ocr_carea' id='block_1_5' title="bbox 626 3337 647 3354">
    <p class='ocr_par' dir='ltr' id='par_1_7' title="bbox 626 3337 647 3354">
     <span class='ocr_line' id='line_1_31' title="bbox 626 3337 647 3354; baseline 0 0"><span class='ocrx_word' id='word_1_203' title='bbox 626 3337 647 3354; x_wconf 57' lang='grc' dir='ltr'><strong>(Δ</strong></span> 
     </span>
    </p>
   </div>
  </div>
 </body>
</html>
