2111 3622
934 208 1017 223 —-
1113 174 1394 236 132...-

322 313 489 372 dinali
530 334 561 368 a
598 334 659 369 se
698 312 934 373 invicem
970 325 1234 395 separata.
1307 314 1395 371 Ex
1429 323 1662 391 utroque
1699 316 1993 394 incipiebat

324 437 465 473 nova
503 418 674 474 series
711 418 1089 487 articulorum,
1141 427 1197 473 et
1245 437 1316 473 ex
1361 417 1530 473 altero
1569 418 1792 494 quidem
1828 421 1994 478 series

321 522 487 577 trium
527 521 966 578 antecedentibus
1005 520 1343 596 simplicibus
1380 521 1710 597 aequalium,
1749 500 1887 598 quos
1914 543 1996 579 se·

322 623 623 703 quebantur
661 624 767 681 duo
806 624 978 699 magis
1018 623 1343 692 abbreviati,
1394 625 1491 681 sed
1529 633 1713 681 tamen
1759 624 1994 700 longitu-

324 728 449 784 dine
503 727 844 784 latitudinem
893 727 1067 785 adhuc
1114 737 1434 803 superante,
1487 716 1834 804 subelliptici.
1908 728 2017 784 ΕΧ-Ἰ

324 832 493 888 altero
532 851 663 887 cavo
703 839 884 890 autem
911 830 1319 905 egrediebantur
1345 831 1552 889 articuli
1576 841 1717 898 octo,
1757 851 1993 912 quorum

287 926 289 928 ³
326 935 534 1010 primus
571 935 744 1009 magis
784 937 1085 1009 elongatus,
1127 955 1291 1011 quam
1329 935 1543 1011 reliqui,
1569 922 1641 991 hi
1677 945 1861 991 autem
1886 943 2001 990 tam

325 1037 643 1106 abbreviati,
696 1048 759 1093 ut
808 1039 1019 1100 circiter
1055 1059 1228 1115 aeque
1266 1040 1363 1095 lati
1403 1059 1466 1098 ac
1500 1039 1649 1113 longi
1685 1038 1905 1107 fierent,
1944 1046 2001 1094 et

325 1141 794 1216 subcampanulati
834 1151 1000 1199 erant.
1041 1143 1332 1199 Caeterum
1370 1142 1529 1197 ambo
1557 1161 1686 1197 cava
1711 1141 1818 1198 sibi
1850 1150 2003 1200 erant

327 1245 550 1319 oblique
613 1247 882 1320 apposita.
959 1245 1247 1301 Foramina
1304 1245 1558 1319 genitalia
1617 1244 1676 1302 in
1731 1253 1850 1301 toto
1894 1243 2003 1301 hoc

325 1346 627 1422 fragmento
663 1346 810 1404 haud
846 1348 985 1402 bene
1025 1348 1405 1421 dijudicabilia.

471 1448 624 1507 Haec
659 1449 909 1508 formatio
947 1450 1223 1509 abnormis
1262 1470 1388 1506 vere
1427 1449 1712 1524 congenita
1759 1468 1880 1505 esse
1926 1448 2002 1504 vi·

329 1552 514 1622 detur,
565 1571 669 1611 nec
707 1571 833 1608 cum
871 1553 967 1609 tali
1006 1554 1287 1620 convenit,
1338 1553 1555 1628 qualem
1580 1531 2029 1609 >Er-emerus

327 1656 386 1710 in
435 1676 600 1731 opere
647 1656 945 1714 immortali
991 1660 1039 1728 1)
1089 1658 1157 1713 de
1203 1655 1660 1732 Bothriocephalo
1709 1655 1822 1710 lato
1870 1655 2001 1711 deli·

328 1759 481 1817 neari
518 1760 752 1826 curavit,
817 1760 913 1815 ubi
960 1761 1222 1821 nimirum
1275 1759 1624 1814 articulorum
1659 1759 1827 1817 series
1865 1759 2002 1815 duae

329 1863 481 1936 juxta
519 1882 579 1918 se
617 1863 856 1921 invicem
895 1864 1199 1931 decurrunt,
1241 1883 1378 1939 quae
1419 1872 1600 1918 autem
1636 1881 1745 1917 non
1773 1861 2004 1918 dubitari

328 1955 514 2045 potest
550 1966 683 2040 quin
721 1987 790 2023 ex
828 1968 1067 2026 articulis
1106 1967 1443 2042 simplicibus
1469 1967 1646 2042 primo
1675 1965 1998 2032 fenestratiS‚

336 2074 450 2124 tum
497 2070 670 2142 magis
719 2070 1001 2145 magisque
1051 2071 1118 2124 ad
1163 2069 1560 2143 longitudinem
1609 2070 1878 2146 perruptis
1924 2088 2004 2124 or-

331 2178 451 2225 tum
489 2172 755 2229 duxerint.
830 2172 974 2228 Nolo
1024 2172 1172 2230 illius
1220 2173 1299 2228 rei
1349 2180 1724 2247 argumentum
1770 2172 2002 2244 allegare

334 2273 724 2332 articulationis
762 2294 892 2332 cava
928 2275 986 2330 in
1025 2274 1251 2331 articulo
1289 2275 1412 2343 illo,
1480 2295 1510 2330 e
1557 2294 1665 2349 quo
1701 2274 1870 2330 series
1909 2273 2002 2328 du-

330 2377 460 2451 plex
496 2377 553 2434 in
590 2379 890 2454 specimine
928 2387 1115 2434 nostro
1153 2378 1369 2453 incipit,
1433 2387 1544 2431 tam
1593 2377 1808 2435 exculta
1862 2397 1999 2443 esse,

332 2479 413 2534 uti
451 2501 514 2535 ea
555 2483 846 2558 descripsi,
911 2502 1038 2536 nam
1086 2482 1215 2542 talia
1252 2481 1358 2558 ipsi
1396 2481 1607 2537 articuli
1643 2480 1804 2555 primi
1841 2479 2001 2537 seriei

336 2584 629 2660 utriusque,
668 2595 963 2661 postquam
998 2584 1113 2644 fissi
1151 2585 1364 2652 fuerint,
1405 2584 1508 2640 sibi
1548 2583 1758 2641 efficere
1795 2583 1997 2658 potuis-

333 2696 482 2755 sent3
538 2690 634 2743 sed
673 2689 880 2763 optime
916 2688 1246 2744 sententiam
1281 2707 1462 2742 meam
1498 2706 1720 2762 arguere
1755 2687 1889 2741 mihi
1927 2686 2001 2742 vi-

336 2787 489 2851 detur
528 2790 805 2848 diversitas
845 2793 984 2846 inter
1021 2791 1273 2846 articulos
1309 2790 1591 2866 utriusque
1639 2789 1827 2856 seriei,
1877 2808 2003 2844 cum

333 2891 373 2948 ii
411 2892 631 2947 alterius
671 2895 1111 2952 antecedentibus
1150 2894 1311 2953 seriei
1348 2893 1607 2952 normalis
1654 2892 1763 2950 sint
1810 2911 2000 2966 aequa-

332 2993 440 3058 leS‚
483 2995 702 3051 alterius
739 3017 867 3052 vero
905 2991 1017 3051 tam
1056 2997 1277 3056 breves,
1317 3005 1381 3051 ut
1418 3015 1604 3051 eorum
1640 3004 1750 3052 tres
1789 2995 2000 3050 circiter

332 3097 671 3170 longitudine
707 3104 920 3153 tantum
957 3106 1192 3177 aequent
1228 3098 1447 3154 illorum
1483 3098 1783 3173 singulum,
1820 3096 1995 3178 latitu-

334 3199 459 3254 dine
496 3211 848 3276 utrorumque
884 3200 1048 3259 simul
1085 3200 1195 3257 fere
1234 3201 1463 3278 aequali.

451 3343 498 3400 1)
530 3347 643 3395 Ueb.
677 3349 766 3395 leb.
798 3352 885 3398 W.
916 3353 983 3398 im
1012 3350 1102 3397 leb.
1129 3353 1198 3398 M.
1228 3353 1344 3400 Tab.
1374 3356 1436 3398 ΙΙ.
1467 3353 1563 3413 Fig.
1597 3350 1668 3397 11.
