2111 3622
720 177 1116 241 ...89-

99 315 348 383 Putredo,
387 316 491 372 nisi
530 316 764 372 colorem
801 315 936 371 forte
976 312 1209 368 effecerit
1245 305 1651 386 nigrescentem,
1690 311 1746 367 in

97 419 235 473 hanc
272 419 636 474 membranam
673 438 783 473 non
822 426 1014 490 egerat.
1089 415 1270 469 Plicae
1298 414 1443 479 illae,
1480 416 1527 469 si
1566 413 1753 471 omnia>

101 522 201 575 alia
240 522 498 596 quadrant
534 521 590 575 in
627 522 988 576 habitaculum
1024 518 1238 585 vermiS,
1287 517 1333 572 si
1372 517 1570 572 canalis
1606 519 1748 591 prin-

102 624 326 698 cipium'
357 625 586 679 liberum
634 625 797 679 etiam
843 625 980 678 bene
1028 621 1294 695 explicare
1343 638 1631 692 possumus
1684 641 1747 674 eo

101 726 349 780 effectum
387 747 523 793 esse,
566 727 710 801 quod
745 725 1242 799 Bothrioeephalus,
1281 742 1379 796 per
1415 731 1635 776 conatus
1674 722 1748 776 in-

98 827 355 882 testinum
401 828 946 903 perforandiltunieas
984 829 1040 881 in
1080 826 1434 881 canaliculum
1471 826 1752 892 elevasset,

101 930 192 1003 qui
229 931 525 1004 perforatus
562 942 754 1005 postea
791 951 915 985 cum
941 930 1196 984 foramine
1223 929 1280 982 in
1307 928 1486 983 ovario
1514 949 1543 981 a
1568 948 1750 984 verme

101 1032 257 1100 saetO,
306 1034 727 1087 inflammation-e
766 1034 874 1088 levi
913 1043 1044 1099 orta,
1083 1031 1359 1096 coaluerit,
1397 1031 1571 1105 plicae
1607 1032 1751 1099 illae,

102 1135 239 1200 (lice,
281 1135 503 1189 dubium
539 1156 628 1190 me
667 1136 884 1209 quidem
922 1135 1094 1188 adhuc
1132 1134 1457 1206 relinquunt.
1524 1133 1753 1190 Creden-

102 1238 229 1290 dum
279 1247 420 1292 esset
467 1238 629 1304 enim,
691 1237 798 1293 tale
846 1257 1036 1292 cavum
1074 1257 1104 1290 a
1140 1257 1320 1291 verme
1358 1236 1559 1290 sactum
1594 1238 1754 1312 plane

101 1338 341 1394 laevibus
393 1341 686 1414 parietibus
743 1350 797 1395 et
841 1341 1020 1396 minus
1069 1340 1268 1395 teneris
1313 1339 1477 1395 simul
1525 1342 1755 1414 gaudere

102 1435 314 1507 debere,
369 1451 424 1497 et
461 1443 564 1498 nisi
605 1463 890 1510 assumam,
929 1443 1098 1517 plicas
1135 1451 1260 1517 post
1296 1452 1525 1497 mortem
1563 1454 1618 1498 et
1655 1445 1756 1500 dis-

99 1543 425 1599 solutionem
472 1547 668 1601 vermis
718 1554 859 1600 ortas
907 1565 1042 1612 esse,
1098 1545 1300 1611 nesci0,
1359 1547 1632 1619 quomodo
1672 1567 1758 1602 ex-

99 1647 318 1720 plicem,
379 1649 425 1703 si
465 1669 649 1704 verum
686 1658 782 1715 est,
833 1668 1073 1703 vermem
1108 1648 1183 1703 ibi
1221 1648 1510 1704 habitasse.

245 1750 432 1824 Longe
483 1751 635 1805 aliter
680 1772 738 1806 se
785 1751 1016 1806 habebat
1061 1751 1360 1818 cuniculus,
1421 1773 1587 1825 quem
1625 1755 1758 1828 opti-

102 1873 221 1907 mus
264 1852 375 1917 Vir,
434 1854 511 1907 uti
551 1874 709 1928 snpra
748 1854 877 1916 dixi,
932 1854 1069 1908 inter
1105 1855 1312 1910 tunicas
1351 1855 1591 1910 intestini
1627 1857 1758 1911 recti

100 1954 333 2028 Xiphiae
362 1957 587 2011 masculi
614 1967 898 2030 repererat.
973 1956 1247 2011 Benevole
1281 1968 1333 2011 et
1358 1958 1517 2031 hujus
1542 1959 1759 2014 videndi

103 2059 314 2132 copiam
361 2059 492 2113 mihi
544 2060 686 2113 feeit.
764 2058 1116 2112 Ausi-actuose
1156 2059 1295 2113 inter
1334 2060 1500 2116 dictas
1550 2062 1757 2117 tunicas

102 2162 493 2215 exterebratum
530 2162 676 2215 hunc
713 2162 930 2216 demum
956 2162 1153 2216 vermis
1182 2163 1556 2235 perforaverat,
1596 2165 1760 2240 inque

103 2283 290 2318 cavum
331 2264 632 2320 abdominis
669 2274 1055 2338 penetraverat.
1134 2263 1316 2319 Portio
1355 2268 1551 2322 vermis
1588 2270 1760 2324 adhuc

25 2380 28 2383 ’
102 2366 158 2418 in
208 2385 273 2419 eo
319 2365 534 2429 latebat,
590 2377 701 2420 tam
749 2376 1020 2422 attenuata
1068 2367 1286 2441 quidem
1334 2378 1387 2422 et
1426 2379 1563 2425 teres
1603 2372 1756 2438 sacta,

103 2477 162 2520 ut
199 2466 540 2522 Nematoidei
591 2469 798 2522 aemula
849 2478 1007 2523 esset.
1038 2473 1077 2537 ¹)
1152 2469 1315 2523 Extra
1355 2472 1665 2527 cuniculum
1705 2475 1761 2529 in

105 2590 234 2624 cavo
283 2569 523 2624 intestini
571 2570 650 2623 illi
700 2571 975 2644 adjacebat,
1023 2572 1227 2645 reliqua
1275 2574 1470 2629 vermis
1510 2596 1631 2648 pars
1670 2599 1759 2651 po·

103 2673 310 2736 ster-ior,
352 2674 457 2726 lata
498 2682 552 2726 et
591 2673 886 2737 articulata,
923 2695 1019 2747 per
1056 2675 1393 2749 putredinem
1433 2688 1612 2734 autem
1650 2700 1760 2736 cor-

103 2785 257 2848 rupta
298 2786 351 2829 et
389 2796 417 2828 a
457 2776 611 2830 tereti
650 2777 757 2847 jam
796 2776 988 2831 soluta.

226 3026 268 3076 1)
300 3012 369 3073 Cf.
401 3031 703 3092 Rudolplzi
734 3031 922 3094 Synops.
955 3049 998 3094 p.
1032 3028 1131 3078 471.
