2111 3622
1011 179 1414 238 ...52—

385 323 574 380 stomis
622 320 941 398 quibusdam
970 324 1042 392 ¹),
1091 318 1442 376 Bremseri
1489 318 1740 393 Figuram
1789 320 1877 377 20.
1928 319 2050 375 alle-

384 447 558 502 gasse,
598 437 658 482 ut
696 427 1121 481 demonstrarem
1150 423 1582 479 convenientiam
1601 423 2054 479 Holostomorum

386 530 720 588 Nitzsclzi
733 529 754 582 i
790 529 1072 601 utriusque
1111 527 1412 593 divisionis,
1462 527 1558 582 sed
1606 547 1664 582 re
1707 528 1903 582 melius
1929 516 2054 601 per-

386 630 556 711 pensa
607 634 729 688 illas
788 631 1186 692 confirmandae
1238 630 1331 685 isti
1393 630 1799 686 convenientiae
1860 650 2056 704 nequa·-

391 759 556 815 quarn
606 755 766 810 posse
817 735 1102 799 inservire,
1154 734 1431 788 convictus
1479 754 1614 788 sum.
1689 734 1889 789 Beatus
1939 732 2056 801 Vir,

391 841 718 915 mejudice,
757 838 846 892 hic
883 839 1018 892 duos
1057 838 1220 912 plane
1274 837 1513 892 diversos
1543 857 1763 893 ¹vermes
1801 838 2059 892 delineari

395 945 643 1011 curavit,
714 961 942 1015 quorum
1009 942 1279 1016 primum,
1354 940 1740 996 Holostomum
1802 941 2059 996 variabile

391 1046 701 1103 Nitzsclz.
740 1066 780 1100 s,
831 1043 1209 1119 Amphistoma
1261 1044 1735 1120 macrocephalum
1780 1044 1950 1100 Rud.
1995 1045 2061 1098 si-

396 1143 546 1206 stunt
583 1149 810 1222 Figurae
852 1147 936 1202 18.
981 1150 1064 1204 19.
1104 1150 1192 1203 21.
1232 1148 1337 1216 224,
1378 1149 1678 1204 secundum
1714 1147 2060 1220 contraOEig„

399 1254 480 1309 17.
522 1253 631 1323 20.)
657 1251 1040 1305 Holostomum
1078 1251 1283 1325 primae
1315 1262 1396 1307 est
1426 1251 1809 1308 subdivisionis
1850 1251 2060 1321 (Nitz-

397 1354 623 1424 schsii)
688 1352 1012 1433 Holostomo
1082 1364 1337 1410 excavato
1394 1355 1461 1410 N.
1520 1354 1819 1428 (Amphist.
1879 1372 2060 1409 excav-

396 1457 602 1527 End.)
641 1455 966 1529 proximum.
2041 1532 2046 1533 ⁷

543 1558 669 1633 Ipse
718 1577 817 1630 ego
863 1558 1043 1633 reperi
1087 1558 1146 1612 in
1194 1558 1289 1612 int.
1339 1557 1612 1614 Falconis
1656 1558 1933 1614 Buteonis
1977 1558 2062 1612 Ja-

390 1663 585 1718 nuario
641 1663 799 1717 1826.
850 1671 904 1717 et
939 1660 1213 1717 Falconis
1248 1661 1380 1716 Nisi
1425 1660 1719 1717 Novembri
1758 1663 1914 1717 1827.
1952 1682 2064 1716 ver-

399 1766 633 1822 miculos
697 1765 947 1833 eosdem,
1006 1784 1143 1839 quos
1193 1765 1550 1820 Bremseri
1591 1762 1791 1839 figurae
1842 1766 1927 1821 17.
1977 1766 2063 1820 20.

402 1869 689 1936 exhibent,
739 1888 1077 1942 quorumque
1123 1869 1451 1944 posteriores
1497 1870 1898 1926 recentissimos
1947 1887 2065 1923 exau

403 1973 638 2028 minatos
676 1970 766 2026 hic
804 1972 1121 2027 describam.
2004 1977 2007 1979 ’

547 2073 871 2147 Longitudo
909 2073 1269 2147 speciminum
1297 2075 1431 2130 adeo
1470 2075 1829 2131 maximorum
1865 2075 2068 2130 lineam

389 2192 521 2243 'non
558 2176 789 2250 attingit.
868 2177 1037 2232 Color·
1076 2186 1160 2233 est
1197 2177 1472 2233 candidus.
2046 2250 2053 2256 ἡ

551 2279 681 2335 Pars
739 2279 920 2342 antica
973 2269 1134 2354 plana
1194 2300 1441 2335 meorum
1498 2280 1944 2336 Holostomorum
1988 2280 2066 2334 uti

405 2382 771 2458 Amphistomi
809 2382 1169 2438 Bremseri
1207 2383 1340 2457 (Fig.
1381 2386 1491 2455 20.)
1535 2385 1888 2458 posteriorem
1935 2392 2067 2438 tere-

406 2497 521 2542 tem
567 2506 783 2561 semper
829 2486 955 2560 plus
1009 2488 1257 2542 minusve
1316 2487 1682 2560 longitudine,
1739 2496 1795 2543 et
1848 2487 2068 2541 omnino

409 2610 646 2664 expansa
685 2588 848 2643 eiiam
885 2589 1169 2645 latitudine
1207 2610 1466 2665 superans
1517 2590 1797 2665 spathulae
1843 2590 2077 2666 formam-

408 2691 573 2746 habet
620 2701 924 2759 antrorsum
968 2694 1192 2767 paulum
1243 2704 1571 2768 angustatae,
1618 2693 1962 2757 rotundatae,
2002 2710 2070 2746 ex

415 2795 566 2866 cujus
606 2794 771 2868 apicis
810 2795 990 2850 medio
1026 2796 1299 2870 prominet
1328 2817 1504 2870 porus
1538 2815 1749 2871 parvus,
1789 2794 2079 2869 rotunduSL

368 2933 374 2937 -
410 2895 707 2951 tumidulus
747 2898 889 2967 (os).
975 2897 1078 2952 Per
1122 2910 1331 2974 partem
1376 2899 1516 2954 hanc
1563 2900 1851 2954 decurrunt
1897 2917 2069 2971 usque

413 2999 483 3054 ad
527 3006 736 3073 partem
782 3008 1009 3054 teretem
1056 3002 1264 3076 aliquot
1309 3003 1485 3058 lineae
1533 3001 1711 3069 albae,
1759 3020 1986 3076 opacae3
2023 2999 2070 3054 si

411 3101 692 3158 vermiculi
738 3100 1098 3175 microscopio
1145 3105 1530 3180 inspiciuntur,
1580 3112 1800 3182 apparet
1846 3101 2070 3158 canalis

532 3326 576 3377 1)
606 3318 732 3375 Obss.
768 3345 900 3398 mear.
932 3330 979 3373 P.
1010 3330 1047 3373 Ι.
1077 3346 1121 3391 p.
1154 3327 1225 3376 37,
