2111 3622
677 172 1116 233 -111—

74 314 189 379 tim,
240 297 542 388 etfsemper
577 313 934 388 posteriorum
971 313 1152 385 anguli
1190 315 1358 386 magis
1395 325 1607 402 exstent
1640 321 1722 374 six·

75 435 171 490 per
222 425 553 489 angustatam
609 399 820 490 partem
872 415 1150 489 sequentis
1210 418 1418 472 articuli
1474 418 1722 476 anticam.

73 518 195 573 Hoc
268 527 518 594 respectu
578 518 693 591 Fig.
750 519 865 585 23„
924 517 1216 573 delineatio
1277 538 1307 572 a
1368 519 1583 578 Comite
1646 526 1727 580 de

73 620 346 676 Bor-elie
383 622 532 686 data,
588 620 868 675 meliorem
915 629 971 676 et
1014 619 1435 676 bonamideam
1482 624 1725 682 articulo·

73 742 193 775 rum
236 742 395 796 supra
434 723 820 797 descriptorum
857 721 1306 778 subcuneatorum
1342 724 1728 797 subministrat,

71 824 200 879 licet
247 825 355 879 alio
402 835 668 900 respecul,
725 825 980 879 nimirum
1024 826 1202 881 ovaria
1250 827 1402 900 quasi
1449 827 1738 898 foramina,

73 935 129 983 et
172 947 298 983 vasa
347 928 565 984 nutritia
610 927 860 1002 utrinque
908 927 1033 982 bina
1069 930 1416 984 monstrando
1455 931 1729 989 evidenter

73 1030 209 1087 falsa
260 1031 496 1086 edoceat.
545 1062 618 1071 —
695 1029 930 1086 Goezii
956 1030 1182 1115 ‘dictum
1233 1032 1298 1086 de
1346 1032 1550 1088 Taenia
1600 1056 1726 1090 sua:

76 1133 240 1201 „Man
266 1133 468 1188 ki'mnte
497 1133 593 1197 sie,
631 1133 736 1186 wie
762 1116 960 1206 Andry¹
982 1133 1068 1188 die
1107 1135 1379 1207 vulgarem
1414 1137 1526 1190 und
1561 1134 1730 1194 latam

73 1235 311 1290 hominis
363 1242 598 1307 genannt
652 1233 774 1289 hat:
847 1235 1027 1290 Te'nia
1076 1237 1115 1289 ἁ
1163 1237 1349 1310 &pina
1407 1239 1533 1294 mit
1579 1242 1730 1296 dem

72 1337 441 1412 Riickgrat‚
489 1356 721 1403 nennen,
760 1338 888 1393 weil
923 1359 1050 1393 vom
1085 1338 1416 1396 Hinterende
1453 1361 1540 1409 an,
1576 1344 1730 1418 langs

72 1440 265 1496 hinauf
293 1440 377 1495 bis
417 1448 584 1494 etwas
619 1439 751 1495 iiber
788 1441 875 1495 die
910 1440 1085 1508 Mitte,
1134 1443 1220 1497 ein
1258 1442 1450 1499 knoti
1462 1463 1575 1518 ger
1610 1445 1729 1502 Ka·

63 1544 213 1609 nal,
252 1542 355 1597 wie
385 1542 472 1596 ein
492 1541 780 1615 Riickgrat‚
820 1542 1006 1615 geht;''
1046 1545 1101 1597 in
1140 1556 1379 1600 nostram
1415 1549 1529 1621 pari
1568 1551 1729 1604 modo

75 1647 325 1719 quadrat3
385 1664 644 1718 apparens
692 1655 872 1700 autem
909 1646 1111 1702 canalis
1151 1648 1215 1701 ab
1255 1649 1556 1704 ovariorum
1594 1653 1731 1708 serie

76 1748 303 1803 efficitur
339 1757 394 1802 et
429 1748 486 1802 in
524 1748 831 1821 fragmentis
869 1749 1064 1804 nostris
1105 1770 1134 1804 e
1162 1750 1395 1807 Falcone
1422 1753 1731 1810 fusco-atro

75 1870 248 1925 usque
304 1850 361 1904 in
419 1850 667 1906 articulos
724 1851 1073 1907 anterioribus
1119 1853 1395 1928 proximos
1442 1855 1732 1912 adscendit.

77 1953 139 2008 In
191 1953 426 2008 articulis
464 1953 688 2027 posticis
727 1955 889 2008 etiam
925 1954 1219 2011 similitudo
1259 1957 1458 2014 canalis
1495 1979 1606 2014 non
1645 1961 1733 2015 ob-

76 2056 229 2121 tinet,
271 2075 394 2108 cum
429 2055 487 2109 hi
524 2057 692 2129 magis
732 2058 968 2131 elongati
1005 2058 1132 2124 sint,
1174 2069 1225 2113 et
1264 2061 1504 2115 ovarium
1542 2062 1597 2116 in
1626 2083 1741 2122 me<

69 2158 165 2211 dio
204 2177 390 2212 eorum
428 2168 518 2212 aut
553 2160 778 2234 paulum
816 2169 939 2215 ante
966 2160 1071 2215 hoc
1098 2162 1428 2231 distinctum,
1469 2186 1573 2240 qua
1602 2186 1742 2220 maro

0 2258 2 2260 ’
68 2260 244 2333 garita
290 2261 536 2329 rotunda,
583 2264 912 2337 promineat,
972 2264 1118 2338 quod
1164 2264 1326 2320 etiarn
1377 2265 1596 2323 Goeze
1649 2267 1734 2324 his

77 2363 212 2437 ipsis
255 2363 432 2419 verbis
477 2365 762 2443 exprimit:
820 2366 930 2434 „In
974 2368 1068 2423 der
1103 2366 1260 2423 Mitte
1308 2368 1402 2423 der
1436 2367 1736 2426 hintersten

81 2465 316 2533 Glieder,
356 2465 496 2520 oben
521 2467 617 2520 auf
637 2467 731 2522 der
753 2467 970 2536 Flache,
1009 2471 1066 2524 in
1094 2471 1272 2544 jedem
1308 2472 1464 2528 eine
1500 2473 1734 2529 weisse

79 2566 288 2622 Perl.’'
365 2567 426 2622 Si
473 2578 655 2624 autem
702 2590 860 2644 porro
896 2571 1122 2626 sormam
1158 2574 1279 2648 pyri
1313 2574 1399 2631 his
1436 2576 1736 2649 margaritis

79 2669 348 2737 adscribit,
397 2671 564 2727 talem
600 2691 701 2746 ego
737 2693 826 2728 me
862 2674 1132 2731 invenisse
1169 2676 1314 2732 haud
1349 2678 1614 2733 recordor.

230 2773 359 2830 Ova
407 2793 477 2830 ex
511 2794 622 2829 uno
662 2776 859 2844 ovar-ie,
916 2779 1062 2853 quod
1099 2798 1200 2835 acu
1236 2800 1566 2856 aperueram,
1625 2801 1734 2836 non

68 2887 450 2949 provenerunt.

221 2977 539 3035 Differentia
594 2981 754 3056 hujus
806 2984 1009 3060 speciei
1064 3005 1094 3039 a
1142 2985 1206 3040 T.
1256 2985 1513 3059 globifera
1568 2985 1740 3048 nimia

68 3089 176 3145 est,
232 3101 372 3154 quae
417 3084 601 3158 negari
648 3086 832 3159 possit.
909 3087 1088 3163 Caput
1123 3088 1415 3160 globiserae
1450 3088 1733 3161 subglobo-

72 3200 212 3246 sum,
253 3192 347 3238 aut
372 3185 506 3260 -plus
545 3187 788 3245 minusve
826 3190 1154 3265 elongatum,
1193 3212 1301 3266 quo
1327 3191 1506 3247 variae
1527 3191 1734 3248 formae

71 3286 331 3353 oriuntur,
387 3290 608 3346 rostello
647 3309 826 3349 crasso
865 3294 1200 3362 instructum,
1254 3293 1456 3351 collum
1490 3294 1734 3352 ⁴brevissi-
