2111 3622
956 146 1361 207 ...45-

322 294 421 346 n'es
449 294 547 345 ‘me
584 270 741 346 notas
779 286 924 344 Ech‘.
956 286 1470 362 polyacantlzoidis
1507 307 1578 342 m.
1616 288 1911 357 invenisse,
1948 291 1999 349 si

321 403 505 449 autem
539 390 1054 467 Echinorhynchum
1091 391 1258 446 talem
1296 390 1368 445 in'
1393 391 1558 466 sti-ige
1604 392 1720 447 ulla
1765 393 1998 451 invenis·

320 507 472 565 sem.
495 505 622 552 ante
660 495 1028 570 conscriptum
1066 503 1123 549 et
1148 493 1358 550 editum
1383 493 1821 551 observationum
1856 517 2001 553 mea·

272 585 282 593 ,
319 622 443 658 rum
488 599 809 656 fasciculum
855 599 1121 672 primum,
1180 618 1379 654 novam
1426 598 1578 652 illam
1623 577 1758 654 Ech.
1814 600 2001 674 polya⁴

321 705 499 763 canth.
539 705 781 779 speciem
817 702 874 756 in
904 721 968 756 eo
997 721 1107 756 non
1135 702 1451 758 offendisset
1478 702 1776 759 benevolus
1809 703 1998 771 lector,

319 830 449 866 nam
492 805 1004 880 Echinorhynclms
1050 805 1227 861 Milvi
1275 825 1459 872 meus,
1508 815 1564 860 et
1613 805 1999 881 globocauda-

321 924 413 969 tus
448 911 546 968 Ze
558 910 710 966 deri
745 930 872 966 vere
910 929 1078 964 unam
1107 909 1445 985 eandemque
1472 909 1716 984 speciem
1740 908 1999 987 efficiunt.

319 1016 448 1072 Non
493 1014 663 1070 miror
707 1024 916 1081 autem,
968 1033 1058 1069 me
1107 1013 1164 1068 in
1223 1014 1392 1069 talem
1442 1033 1679 1069 errorem
1723 1013 2000 1081 incidisse,

319 1129 613 1198 postquam
675 1117 1070 1191 descriptiones
1126 1116 1271 1172 Eclz.
1332 1116 1746 1191 globoccmdati
1802 1137 1834 1171 a
1887 1115 2000 1172 Ze-

321 1225 487 1280 dero
519 1223 578 1292 1),
619 1219 1026 1295 Βιιάοῖρῖιίο
1056 1221 1100 1288 ²)
1151 1228 1207 1275 et
1251 1218 1723 1278 lVssstrumbio
1756 1222 1799 1289 3)
1849 1219 2000 1275 datas

318 1327 431 1401 legi
468 1334 527 1381 et
563 1343 690 1379 cum
725 1322 1198 1396 Echinorhynehis
1248 1343 1278 1376 a
1327 1342 1418 1378 me
1468 1324 1527 1378 in
1564 1324 1728 1396 strige
1761 1313 1999 1378 inventis
2041 1331 2043 1333 ’

321 1426 659 1503 comparavi,
717 1446 848 1480 nam
909 1446 1100 1481 omnes
1156 1425 1260 1480 hae
1308 1435 1419 1480 tres
1467 1426 1765 1500 perfectam
1821 1426 2003 1482 ideam

321 1515 520 1590 vermis
568 1529 741 1586 nostri
789 1549 900 1584 non
951 1529 1379 1585 subministrant.
1458 1529 1652 1585 Omnis
1687 1548 1838 1584 error
1872 1519 2043 1584 vero*

322 1658 352 1693 a
392 1635 539 1703 colli,
580 1633 727 1708 quod
764 1632 1134 1708 Rndolphi
1178 1641 1235 1688 et
1278 1632 1678 1690 lVestrzcmb
1730 1632 2002 1708 probosci-

323 1741 406 1797 dis
443 1737 802 1815 posteriorem
849 1746 1060 1812 partem
1108 1730 1443 1811 nuncupant,
1494 1745 1550 1792 et
1589 1756 1618 1791 a
1656 1736 1858 1793 caudae
1896 1736 2003 1793 sin-

323 1844 602 1919 gularibus
642 1841 829 1897 formis
868 1850 1016 1896 ortus
1055 1849 1153 1896 est.
1230 1838 1356 1895 Non
1394 1839 1569 1915 capio,
1618 1839 1713 1915 qui
1749 1839 1831 1894 ill.
1879 1839 2004 1896 Ru-

322 1948 485 2023 dolp
500 1947 569 2002 ln·
617 1943 822 2000 collum
869 1966 900 1999 a
949 1943 1273 2020 proboscide
1325 1963 1438 1998 non
1487 1943 1824 2008 distinxerit,
1875 1963 2004 1998 cum

320 2052 459 2108 haec
494 2059 681 2106 tamen
719 2047 785 2101 ab
823 2047 919 2101 illo
960 2046 1182 2102 omnino
1223 2047 1432 2107 diversa
1472 2047 1560 2113 sit,
1611 2055 1723 2102 tota
1773 2046 2004 2121 longitu-

324 2157 451 2211 dine
497 2153 726 2209 crassior
774 2170 938 2225 quam
976 2150 1198 2217 collum,
1250 2159 1305 2204 et
1349 2148 1566 2205 uncinis
1594 2149 1748 2204 fflicet
1797 2149 2003 2204 subtili-

322 2261 444 2326 bus,
482 2269 684 2323 tamen,
726 2274 891 2329 quam
928 2254 968 2309 ii
1007 2254 1138 2310 colli
1177 2262 1320 2320 sunt,
1369 2253 1542 2307 multo
1582 2251 1874 2327 majoribus
1915 2252 2003 2306 ob-

324 2365 447 2421 sita.
526 2357 870 2415 Proboscidis
908 2358 1095 2412 uncini
1131 2359 1241 2432 jam
1280 2356 1461 2431 optica
1497 2356 1650 2411 lente>
1685 2355 1854 2410 debili
1881 2375 2005 2410 con-

325 2466 643 2543 spiciuntur,
665 2463 813 2518 'dum
849 2461 890 2516 ii
929 2461 1061 2517 colli
1097 2461 1190 2515 vix
1227 2458 1353 2515 forti
1399 2460 1539 2514 bene
1588 2458 1850 2533 distingui
1883 2444 2030 2534 pos--

328 2580 468 2627 sunt.
544 2568 693 2623 Haec
731 2566 896 2631 etiam
933 2567 1033 2620 fuit
1073 2564 1252 2632 causa,
1303 2582 1397 2618 cur
1435 2563 1778 2628 ZederuS,
1827 2562 2005 2618 obser-

327 2684 479 2729 vator
528 2672 749 2746 quidem
795 2669 1201 2735 exactissimUS‚
1252 2666 1350 2723 sed
1388 2665 1749 2740 microscopio
1786 2683 2003 2739 compo-

329 2778 434 2834 sito
472 2794 591 2830 raro
619 2793 769 2840 usuS‚
808 2774 1036 2830 uncinos
1064 2773 1191 2828 colli
1216 2771 1397 2826 nullos
1423 2767 1778 2843 descripserit.
1835 2765 2004 2822 Porro

332 2881 535 2937 caudae
584 2876 976 2951 descriptiones
1025 2897 1115 2932 me
1163 2874 1534 2932 confuderunt.
1607 2869 1868 2928 Zederi
1913 2869 2002 2925 hic

456 3116 499 3167 1)
529 3118 679 3160 Erster
707 3111 899 3158 Nachtr.
928 3131 975 3177 p.
1009 3109 1111 3158 128.

453 3215 505 3269 2)
535 3215 772 3262 Entozool.
803 3217 863 3259 11.
898 3213 935 3260 1.
968 3232 1013 3278 p.
1044 3210 1146 3257 264.
1209 3214 1400 3274 Synops.
1432 3229 1480 3275 p.
1512 3207 1614 3255 314.
1680 3268 1682 3271 ζ

457 3316 504 3368 3)
535 3322 602 3363 De
631 3316 883 3363 Helminth.
913 3313 1237 3376 acanthoceph.
1268 3331 1313 3377 p.
1350 3311 1417 3356 13.
