2111 3622
998 136 1401 197 ...58-

362 280 504 334 inter
549 278 760 354 species
809 298 974 335 novas
1035 257 1321 345 enumero,
1387 297 1510 332 cum
1565 279 1790 336 nimiam
1820 260 2026 340 *forsan

362 403 488 437 cum
535 383 800 439 Distomo
845 384 1113 438 mzcinato
1167 381 1434 437 Zederi
1479 383 1891 440 simili-tudinem
1937 386 2026 440 ha-

361 487 501 541 beat.
579 485 719 541 Cum
756 487 861 541 hoc
898 506 1025 542 vero
1063 485 1270 540 ratione
1308 485 1659 558 longitudinis
1703 488 1865 543 latius
1905 510 2025 545 esse
2063 560 2068 565 ι

359 589 618 657 videatur,
659 600 987 665 voceturque
1025 591 1264 665 planum,
1308 597 1363 643 et
1407 607 1572 662 porus
1617 589 1825 647 anticus
1865 575 2020 666 *prae-

356 705 503 750 terea
542 693 734 767 capitis
772 694 926 748 faciei
974 693 1214 767 posticae
1253 692 1488 748 insidere
1525 692 1809 762 indicetur,
1851 696 2022 751 diver-

355 798 574 853 sitatem
611 797 752 852 inter
786 809 1074 872 utrumque
1114 797 1302 852 adesse
1329 797 1588 871 possibile
1619 817 1846 854 censens
1882 799 2026 854 hane-

354 901 596 975 speciem
643 921 841 955 novam
890 902 1108 956 interim
1153 901 1398 969 condidi,
1451 922 1614 975 quam
1648 902 1886 966 *meliora
1923 902 2023 958 for,
2087 959 2097 981 ,Χ

354 1025 461 1060 εειη
491 1005 780 1080 aliquando
821 1005 1041 1066 edoctus
1080 1005 1328 1059 lubenter
1367 1005 1574 1060 delebo.

873 1194 1482 1251 OBSERVATIO'NES

720 1328 790 1382 de
827 1328 1091 1382 Distomo
1128 1329 1431 1403 vat-iegato
1470 1331 1647 1387 End.

496 1446 579 1500 Ill.
618 1446 677 1502 R
687 1466 721 1498 ιι
732 1446 774 1499 cl
778 1464 810 1500 ο
825 1445 849 1499 l
852 1466 895 1520 p
908 1445 980 1499 hi
1002 1446 1352 1520 descriptioni
1377 1447 1625 1502 Distomi
1650 1448 2017 1522 vat-iegati·¹)

347 1550 543 1625 aliqua,
585 1569 724 1624 quae
776 1549 1175 1605 observationes
1229 1570 1383 1605 meae
1429 1571 1517 1606 me
1568 1551 1882 1619 docuerunt,
1931 1535 2046 1606 ad(

346 1654 543 1720 dendo,
581 1652 725 1706 haud
764 1653 1121 1727 incongruens
1175 1674 1310 1728 opus
1357 1674 1445 1709 me
1487 1655 1855 1729 perfecturum
1894 1675 2015 1711 esse

344 1777 522 1831 spem,
572 1777 698 1812 cum
737 1757 1046 1813 formationi
1092 1758 1250 1832 hujus
1290 1751 1531 1813 Distomi
1570 1757 1920 1833 pulcherrimi
1961 1769 2016 1814 et

344 1881 374 1914 a
413 1861 801 1934 congeneribus
843 1862 1238 1918 distinctissimi
1267 1862 1463 1917 melius
1493 1862 1898 1935 cognoscendae
1936 1863 2014 1917 in-

342 1965 541 2020 servire
578 1965 806 2039 possint.
883 1966 1126 2022 Transeo
1176 1966 1606 2021 mensurationes
1647 1976 1701 2021 et
1737 1965 1945 2041 reliqua
1982 1985 2014 2020 a

339 2067 473 2122 Viro
521 2067 741 2122 laudato
793 2069 1163 2124 oculatissimo
1218 2070 1413 2136 relata,
1471 2070 1644 2123 refero
1702 2079 1883 2124 autem
1931 2088 2012 2124 se·

340 2172 591 2246 quentia,
643 2171 822 2245 qualia
877 2173 934 2226 in
989 2171 1261 2227 vermibus
1320 2171 1707 2228 recentissimis
1759 2181 1813 2226 et
1869 2170 2007 2228 vivis

340 2285 545 2330 aestate
585 2275 712 2328 anni
757 2276 913 2330 1825.
953 2275 1152 2330 inveni.

484 2379 546 2433 In
598 2378 758 2434 dorso
809 2378 877 2432 ad
922 2378 1089 2432 latera
1139 2378 1608 2453 conspiciebantur
1656 2378 2010 2433 macularum

338 2482 683 2536 candidarum
732 2481 788 2536 in
839 2481 1063 2535 modum
1110 2502 1335 2537 uvarum
1382 2481 1802 2556 compositarum
1841 2482 2007 2537 series

336 2586 489 2652 duae,
541 2606 680 2659 quae
718 2587 775 2639 in
815 2586 957 2639 collo
1000 2596 1055 2640 et
1092 2586 1317 2640 caudam
1355 2606 1540 2640 versus
1578 2585 1749 2658 magis
1788 2585 1893 2640 sibi
1930 2585 2006 2638 in-

331 2690 509 2743 vicem
562 2690 1230 2764 appropinquataeerant
1268 2700 1321 2744 et
1356 2688 1577 2745 vasculo
1617 2707 1659 2742 s.
1701 2687 2005 2741 canaliculo

331 2790 397 2844 ab
436 2811 543 2844 una
565 2792 620 2844 in
649 2792 872 2846 alteram
908 2792 1161 2855 tendente
1190 2791 1586 2865 longitudinali,
1627 2789 2003 2856 subtilissimo,

330 2914 502 2968 aeque
542 2894 769 2948 candido
809 2895 949 2949 inter
982 2915 1039 2949 se
1070 2897 1324 2969 conjungi
1351 2895 1685 2950 videbantur.
1767 2891 2006 2966 Ovarz‘oe

327 3017 450 3050 rum
489 2996 693 3052 canalis
732 2997 798 3050 ad
836 2997 1003 3052 latera
1043 2999 1282 3072 corporis
1322 2999 1555 3073 simplex
1594 2997 1908 3052 decurrebat
1946 2982 2004 3050 et·

326 3100 384 3154 in
430 3100 539 3155 fine
586 3099 788 3164 caudae
829 3120 954 3155 cum
990 3101 1089 3156 illo
1140 3101 1359 3160 alterius
1405 3101 1589 3158 lateris
1638 3120 1764 3158 arcu
1802 3095 1997 3164 coibat,

447 3290 489 3343 1')
519 3298 710 3359 Synops.
742 3314 789 3359 p.
822 3294 910 3339 378
940 3316 998 3328 -
1029 3294 1099 3339 79.
