2111 3622
725 180 1125 239 -91....

104 318 349 374 laterales
397 320 553 374 valde
597 310 771 385 leves,
831 338 970 392 quae
1014 338 1138 372 eum
1184 312 1756 393 Bothrioeephalorum

105 423 290 490 foveis,
348 423 469 497 plus
509 423 751 478 minusve
787 420 1084 496 profundis,
1136 440 1247 474 non
1285 421 1420 475 bene
1461 423 1754 497 comparari

34 535 36 537 ’
107 536 326 600 queunt.
411 523 851 600 Bothriocephali
886 524 1078 578 horum
1117 543 1220 597 ope
1259 543 1317 578 se
1357 523 1575 595 affigunt·
1613 545 1759 599 orga-

105 630 208 694 nis,
264 629 320 682 in
359 628 551 702 quibus
590 629 804 700 degunt,
843 627 948 682 hoc
986 637 1167 682 autem
1206 627 1272 681 de
1310 626 1757 701 Schistocephalo

107 751 216 784 non
253 730 414 795 valet,
453 751 554 784 nec
591 751 828 804 unquam
867 731 1039 803 eapite
1079 729 1297 783 affixum
1323 729 1544 796 videbis,
1586 749 1758 803 aeque

105 853 295 906 parum
351 853 412 887 ae
458 833 722 906 Ligulam.
809 833 869 886 In
919 834 1109 907 eapitis
1159 833 1308 906 apice
1361 832 1552 886 obtuso
1599 852 1759 907 porro

103 935 346 990 videmus
393 936 654 1002 fissuram,
694 914 850 1010 ¹quae
895 936 951 990 in
987 933 1451 1008 Bothriocephalis
1501 935 1761 990 desidera-

104 1047 215 1104 tur,
273 1039 328 1092 in
367 1030 572 1113 Ligulis
596 1041 637 1107 ¹)
676 1047 862 1092 >autem
911 1039 1076 1093 adest.
1099 1042 1141 1107 ²)
1219 1036 1385 1091 Porro
1433 1057 1620 1093 omnes
1659 1038 1762 1093 Bo-

224 1268 265 1318 1)
296 1270 490 1314 Perbene
523 1269 901 1331 Radolphius
938 1286 1058 1313 meus
1098 1269 1270 1314 dudum
1308 1269 1655 1316 similitudinem
1696 1289 1762 1314 ca-

103 1343 212 1404 pitis
242 1343 426 1403 Ligulae
455 1354 500 1386 et
530 1340 883 1403 Schistocephali
910 1342 1249 1393 animadvertit,
1281 1342 1423 1403 (quod
1453 1355 1564 1387 teste
1593 1347 1762 1389 Leuk-

103 1417 306 1460 lcartio
336 1413 452 1466 [vid.
492 1413 624 1475 hujus
662 1413 789 1457 Zooi.
829 1413 1033 1457 Bruchst.
1070 1415 1117 1457 P.
1149 1417 1184 1457 Ι.
1224 1432 1270 1476 p.
1310 1411 1403 1468 47.]
1444 1418 1641 1478 optimus
1679 1421 1764 1463 Vir

102 1491 414 1533 Bremsero
445 1487 675 1548 quondam
696 1503 775 1529 suo
798 1487 847 1528 in
870 1485 1033 1530 litteris
1066 1487 1436 1535 communicavit)
1469 1500 1511 1532 et
1533 1491 1762 1550 quomodo

101 1562 320 1623 potuisset
350 1560 430 1604 illa
460 1560 607 1620 fugere
638 1559 769 1603 eum?

220 1647 265 1697 c-’)
295 1649 381 1693 Sed
410 1665 505 1691 non
535 1648 698 1707 quovis
729 1648 778 1690 in
807 1657 927 1689 statu
956 1662 1119 1689 earum.
1179 1648 1237 1689 In
1274 1648 1446 1705 Ligula
1485 1649 1766 1709 simplicissi—

100 1739 181 1764 ma
212 1722 265 1764 R.
298 1720 558 1766 enim.haec
589 1709 743 1764 fissura
772 1721 1004 1779 im'reuitur
1035 1730 1079 1761 et
1109 1734 1166 1768 os,
1206 1720 1245 1762 si.
1273 1719 1377 1763 licet
1415 1721 1480 1764 ita
1517 1722 1763 1774 nominare,

101 1793 372 1838 bilabiatum
403 1794 510 1837 inde
541 1794 713 1852 oritur,
754 1809 867 1853 quae
900 1791 1042 1834 forma
1081 1791 1138 1833 ab
1176 1791 1555 1851 Helminthologis
1592 1793 1764 1836 dudum

100 1866 336 1910 observata
364 1877 442 1910 est.
503 1865 588 1910 Sed
617 1864 739 1908 ultro
770 1864 1037 1925 procedente
1068 1863 1327 1908 evolutione
1358 1865 1558 1925 corporis
1579 1865 1764 1926 Ligulae

100 1938 151 1981 in
181 1939 407 1981 intestinis
440 1939 591 1982 avium
624 1937 731 1982 haec
763 1938 918 1980 fissura
950 1939 1112 1980 sensim
1151 1938 1250 1980 abit
1288 1939 1338 1980 in
1368 1936 1656 1982 bothriorum
1693 1940 1765 1982 fis·

30 2005 37 2008 ”
100 2009 440 2068 suraefermium
479 2012 697 2072 speciem,
748 2027 860 2070 quae
900 2021 1143 2069 utrumque
1184 2010 1344 2069 capitis
1385 2009 1498 2053 latus
1538 2011 1763 2071 profunde

100 2081 293 2131 findunt,
326 2098 439 2142 apex
472 2099 580 2126 vero
611 2083 773 2143 eapitis
805 2081 1042 2135 clauditur,
1075 2082 1153 2126 ita.
1192 2093 1241 2124 ut
1275 2099 1348 2124 ore
1379 2082 1561 2142 Ligulae
1592 2083 1764 2144 simpli-

99 2154 297 2197 cissimae
335 2154 556 2197 bilabiato
597 2156 648 2197 in
678 2156 847 2212 Ligula
888 2172 922 2197 e.
955 2172 998 2214 g.
1038 2170 1207 2215 sparsa
1247 2154 1300 2197 R.
1341 2155 1536 2215 perfecte
1580 2156 1763 2199 evoluta

98 2242 276 2285 prorsus
306 2238 605 2278 evanescente,
649 2239 784 2288 eaput
826 2228 952 2288 apice
991 2227 1258 2287 simpliciter
1291 2227 1452 2270 obtuso
1484 2230 1760 2272 terminetur.

98 2298 300 2357 Ligulam
342 2316 536 2361 sparsam
574 2287 705 2361 *saepe
737 2300 787 2343 in
827 2301 911 2342 int.
973 2298 1186 2359 Colymbi
1223 2299 1490 2358 rufogularis
1532 2301 1689 2343 inveni
1721 2312 1764 2343 et

99 2372 148 2413 in
178 2371 441 2418 collectione
471 2389 567 2416 mea
607 2373 777 2432 egregia
817 2373 1063 2431 specimina
1094 2388 1234 2422 servo,
1267 2390 1381 2431 quae
1412 2371 1765 2433 contemplando

100 2443 254 2492 didici,
289 2443 506 2501 Ligulam,
536 2455 779 2504 antequam
823 2444 966 2486 antici
1004 2444 1204 2502 corporis
1245 2444 1425 2487 articuli
1455 2445 1625 2488 exculti
1655 2447 1763 2495 sint,

99 2533 146 2557 os
177 2514 447 2559 bilabiatum
470 2519 672 2566 retinere,
704 2515 795 2559 una.
825 2532 926 2556 cum
948 2514 1127 2557 illorum
1159 2514 1434 2574 perfectione
1456 2530 1605 2562 autem
1627 2521 1763 2562 etiam

98 2587 282 2632 bothria
323 2587 524 2632 lateralia
562 2589 718 2649 perfici
760 2599 805 2631 et
845 2583 1018 2649 apicem
1057 2587 1220 2648 capitis
1257 2588 1411 2632 fissura
1449 2591 1638 2651 privari.
1708 2594 1764 2637 In

97 2660 462 2722 Schistocephalo
494 2660 572 2704 illa
601 2661 755 2705 fissura
794 2662 934 2722 apicis
966 2661 1127 2721 capitis
1157 2671 1304 2704 autem
1336 2664 1499 2723 quovis
1530 2664 1581 2706 in
1610 2665 1764 2709 evolu-

99 2736 236 2777 tionis
269 2745 386 2777 statu
418 2745 570 2777 manet
601 2736 852 2777 immutata.
914 2736 1147 2776 Caeterum
1177 2722 1511 2795 simplicissima
1541 2749 1763 2782 structura

98 2808 257 2868 capitis
288 2817 352 2850 est
381 2806 552 2865 Ligulis
582 2808 652 2849 uti
673 2804 1060 2867 Seliistocephals13
1101 2823 1148 2849 re
1178 2824 1283 2850 vera
1315 2806 1401 2850 hoc
1431 2821 1567 2870 caput
1599 2811 1667 2854 nil
1699 2823 1763 2855 est

97 2880 187 2922 nisi
228 2878 442 2922 articulus
481 2880 677 2959 primu-S,
715 2879 860 2939 qualis
897 2890 1036 2923 etlam
1074 2877 1320 2923 clarissimo
1364 2881 1610 2925 ssitzsclt
1642 2884 1689 2932 (l.
1722 2901 1760 2926 c.

99 2950 182 2993 ubi
212 2952 457 3010 generatim
497 2952 667 3008 egregia
708 2951 762 2994 de
791 2949 1156 3012 Schistocephalo
1196 2952 1505 3012 proferuntur)
1535 2955 1655 2998 visus
1688 2967 1761 3006 ebt,

96 3040 179 3067 nec
208 3039 312 3066 cum
340 3024 486 3083 capite
515 3023 734 3066 distincto
765 3035 809 3067 ct
840 3023 984 3066 multo
1022 3026 1160 3084 magis
1200 3025 1381 3067 exculto
1413 3025 1763 3086 Bothrioeeplia-

97 3093 244 3137 lorum
283 3096 534 3155 comparari
572 3106 734 3155 potest.
793 3079 985 3143 Videtur
1026 3113 1115 3141 esse
1145 3099 1346 3158 primum
1377 3110 1559 3141 naturae
1590 3100 1762 3158 peric-u

97 3167 206 3217 lum,
238 3177 374 3227 caput
404 3168 453 3210 in
474 3167 707 3211 Cestoidco
737 3168 979 3220 formandi,
1010 3171 1081 3213 uti
1111 3169 1162 3213 in
1183 3170 1260 3212 Li
1239 3171 1353 3229 „ulis
1383 3189 1448 3231 pl
1441 3182 1607 3214 aeterca
1639 3172 1761 3214 credi

96 3241 238 3299 possit
268 3241 416 3300 primo
447 3250 679 3301 expertam
708 3259 796 3287 esse
825 3260 986 3307 corpus
1007 3242 1295 3287 articulatum
1327 3245 1499 3303 fingere,
1533 3245 1657 3304 quod
1687 3261 1760 3289 au-

100 3322 190 3354 tem
220 3313 271 3356 in
299 3313 397 3355 istis
427 3313 483 3356 ad
514 3313 649 3357 finem
681 3314 856 3362 felicem
886 3307 1125 3378 perducere
1153 3318 1355 3361 nondum
1387 3316 1594 3361 valuerit.
