2111 3622
684 183 1124 248 -105-

84 327 204 395 das,
263 335 449 383 exacte
496 326 844 384 describendo
893 346 981 381 me
1013 334 1338 399 ¹arguturum
1388 348 1507 385 esse
1555 343 1732 405 spero,

81 428 221 485 hanc
276 430 516 505 speciem
573 430 879 485 distinctam
934 449 1072 504 aque
1128 428 1193 483 'l'-
1254 429 1510 502 globifera
1567 434 1735 491 diver-

79 552 197 588 sam
235 553 370 589 esse.

224 634 611 691 Benevolentia
677 636 743 690 cl.
800 632 1264 689 Hornsclzuch
1317 633 1483 689 Junio
1549 654 1738 694 mense

81 736 209 791 anni
257 738 415 792 1824.
463 737 609 793 istud
656 737 839 811 accepi
875 735 1289 810 Sclzillingii
1333 747 1623 812 repertum,
1682 750 1738 796 et

77 839 261 896 inveni
298 841 356 894 in
392 840 642 913 lagenula-
677 859 775 895 sex
809 839 1122 912 fragmenta,
1172 857 1402 912 quorum

222 941 495 1008 Primum,
546 942 865 998 anteriorem
901 941 1096 1004 vermis
1133 942 1298 997 finem
1334 943 1548 1014 sistens,
1596 944 1737 1000 ultra

78 1053 308 1119 quatuor
349 1046 580 1120 pollices
628 1047 851 1118 longum
896 1054 952 1100 et
999 1044 1207 1119 postice
1250 1045 1390 1101 circa
1429 1046 1629 1102 lineam
1665 1049 1738 1103 la-

77 1155 194 1202 tum
230 1156 360 1203 erat.

220 1249 548 1314 Secundam,
584 1248 760 1324 primi,
800 1249 880 1305 uti
902 1249 1197 1317 videbatur,
1236 1251 1586 1321 continuatiO,
1623 1253 1737 1308 lon-

76 1373 207 1427 gum
244 1352 456 1408 circiter
501 1361 610 1407 tres
648 1353 892 1426 polliceS,
950 1354 1124 1409 antice
1163 1354 1364 1410 lineam
1399 1356 1588 1423 latum,
1644 1376 1738 1431 po-

73 1456 209 1512 stice
245 1464 457 1510 tantum
493 1473 604 1508 non
640 1455 839 1509 lineam
879 1466 1064 1510 octava
1102 1458 1218 1531 ejus
1244 1468 1394 1533 parte
1422 1478 1699 1533 superans.

229 1558 475 1614 Tertiam
511 1557 620 1612 fere
658 1567 868 1632 septem
905 1559 1131 1633 pollices
1169 1561 1407 1633 longum,
1447 1562 1622 1617 antice
1653 1582 1735 1617 ea-

74 1660 197 1716 dem
225 1660 524 1729 latitudine,
565 1681 668 1736 qua
694 1661 992 1717 secundum
1017 1663 1242 1736 postice,
1274 1664 1530 1736 gaudens,
1558 1664 1734 1739 primo

72 1763 285 1839 aequali
323 1764 605 1819 latitudine
635 1765 936 1831 decurrens,
964 1774 1082 1818 tum
1109 1775 1401 1820 retrorsum
1429 1768 1600 1840 magis
1626 1787 1734 1823 ma-

69 1866 260 1941 gisque
299 1867 632 1932 decrescens,
670 1877 730 1922 ut
765 1867 989 1922 ultimus
1027 1868 1283 1924 articulus
1321 1888 1430 1924 non
1459 1870 1597 1924 ultra
1624 1880 1735 1927 tres

70 1970 246 2025 lineae
286 1980 499 2044 quartas
537 1980 716 2045 partes
756 1972 894 2026 latus
935 1981 1188 2026 maneret.

220 2072 516 2144 Quartam,
555 2073 804 2146 quintum
843 2083 898 2127 et
924 2083 1147 2128 sextum
1174 2074 1331 2130 dictis
1360 2075 1568 2130 minora
1597 2074 1734 2133 alius

67 2174 380 2251 speciminis
411 2176 675 2250 (ejusdem
698 2176 920 2250 speciei)
947 2177 1205 2251 reliquiae
1233 2197 1352 2234 esse
1375 2178 1705 2236 videbantur.

217 2278 386 2333 Color·
425 2278 698 2334 candidus.

214 2380 403 2453 Caput
453 2381 656 2433 collum
702 2381 987 2436 latitudine
1035 2383 1127 2437 vix
1175 2392 1228 2437 et
1275 2403 1345 2438 ne
1383 2384 1475 2438 vix
1513 2384 1735 2459 quidem
1787 2439 1794 2448 ,

66 2499 344 2555 superans,
394 2482 551 2536 valde
589 2483 766 2550 breve,
817 2484 1149 2557 depressum,
1204 2484 1475 2554 obtusum,
1526 2487 1735 2543 osculis

68 2583 277 2639 duobus
323 2584 716 2658 superioribus,
778 2586 989 2642 duobus
1039 2587 1408 2656 inferioribus,
1468 2589 1733 2664 oblongis,

65 2687 396 2757 majusculis.
475 2687 692 2741 Collum
738 2707 862 2744 cum
909 2689 1084 2765 capite
1124 2692 1455 2758 continuum,
1513 2701 1734 2767 puncta-

65 2797 199 2856 tum,
251 2789 465 2856 subtile,
516 2790 755 2862 planum,
805 2793 1170 2861 latiusculum,
1211 2805 1266 2850 et
1300 2795 1436 2849 ultra
1475 2796 1735 2870 pollicem

63 2890 302 2963 longum,
345 2892 410 2945 ad
449 2912 642 2967 corpus
680 2895 882 2950 sensim
920 2896 1083 2970 paulo
1111 2897 1271 2961 latius
1299 2898 1547 2954 evadens.
1606 2897 1732 2954 Cor-

63 2993 211 3067 poris
268 2995 502 3049 maxime
563 2995 801 3070 depressi
850 2999 1084 3054 articuli
1131 3001 1422 3057 anteriores
1468 3001 1731 3074 rugaefor-

60 3115 199 3174 meS,
259 3102 547 3170 sequentes
586 3100 739 3154 valde
776 3101 982 3169 breveS,
1034 3103 1185 3169 recti,
1237 3104 1566 3178 marginibus
1604 3106 1729 3160 late-

63 3197 263 3253 ralibus
313 3209 403 3252 aut
450 3200 636 3268 rectis,
695 3213 784 3258 aut
831 3206 1293 3269 convexiusculis,
1354 3206 1530 3262 antica
1579 3216 1729 3283 parte

61 3319 349 3375 perparum
400 3313 683 3359 contracta.
759 3306 836 3362 Ita
888 3328 947 3364 se
996 3308 1264 3366 habebant
1312 3308 1520 3366 articuli
1556 3329 1729 3386 usque
