2111 3622
957 152 1357 213 -..-78-—

326 294 630 351 lateralium
675 301 918 351 nostrum
957 292 1370 351 Pentaslomum-
1406 309 1446 345 ,a
1487 285 1715 364 'reliquis
1751 308 1985 364 praeser-

324 400 426 455 tim
476 397 746 459 diversum
792 405 901 463 est,
961 395 1058 451 sed
1105 394 1270 449 etiam
1316 392 1464 466 poris
1509 391 1620 447 illis
1654 392 1876 448 ‘duobus
1927 392 1984 446 in

324 503 431 558 fine
470 500 659 576 capitis
697 521 756 555 se
796 498 1089 572 distinguit.
1150 490 1360 550 Horum
1394 514 1555 551 usum
1581 493 1850 569 explicare
1875 510 1989 550 non

325 606 496 664 valeo.
571 602 692 659 Nisi
725 603 1072 657 hamulorum
1117 599 1421 673 praesentia
1467 598 1564 653 tali
1611 598 1690 653 rei
1727 597 1989 656 contradi·
2044 576 2047 579 .

325 718 495 776 ceret‚
554 715 800 781 putarem
857 724 976 761 esse
1032 723 1179 758 mera
1240 702 1517 757 acetabula
1577 700 1870 756 vermiculo
1920 700 1990 754 ad

324 811 651 887 affigendum
695 828 816 865 sese
864 806 1238 872 inservientia,
1294 826 1445 873 nam,
1505 804 1779 864 canalibus
1823 804 1991 859 nullis

326 918 393 971 ab
448 915 516 970 iis
557 911 902 968 ‘exeuntibus
959 909 1268 984 conspicuis
1330 928 1497 965 coeco
1552 908 1756 984 utique·
1787 907 1878 962 uti
1916 908 1990 964 vi·

324 1020 518 1076 dentur
552 1016 735 1071 fundo.

476 1120 622 1186 Obsi:
645 1121 698 1174 2.
772 1117 960 1192 Aquae
1006 1116 1223 1190 tepidae
1259 1115 1444 1175 vivum
1480 1114 1787 1172 immissum
1822 1113 1993 1188 speci·

324 1245 453 1282 men
490 1223 821 1298 descriptum
857 1221 1195 1276 vivacissime
1234 1240 1292 1276 se
1331 1218 1541 1274 inflexit
1577 1227 1634 1281 et
1669 1218 1874 1274 iterum
1905 1232 1994 1276 ex-

325 1329 514 1394 tendit,
571 1346 702 1381 mox
738 1325 796 1379 in
835 1324 993 1379 dorso
1031 1323 1212 1397 jacuit,
1263 1342 1392 1376 mox
1429 1324 1484 1375 in
1526 1321 1835 1388 abdomine,
1881 1318 1994 1394 qui·
2026 1304 2028 1306 V

323 1434 425 1488 bus
475 1431 533 1485 in
579 1428 818 1483 motibus
865 1427 1028 1482 eliam
1074 1424 1281 1480 hamuli
1317 1444 1572 1499 potorum
1609 1432 1727 1478 tum
1762 1423 1994 1483 retrahes

325 1537 534 1600 bantur,
584 1541 701 1586 tum
737 1530 1138 1590 exserebantur.
1226 1527 1375 1583 Haec
1422 1525 1763 1583 retractilitas
1811 1511 2025 1585 hamul

323 1640 519 1705 lorum,
577 1636 751 1710 primo
796 1636 918 1690 visu
965 1633 1226 1693 inducens
1265 1632 1320 1684 in
1358 1629 1769 1686 similitudinem
1807 1649 1995 1685 eorum

329 1763 454 1800 cum
490 1740 759 1815 unguibus
785 1738 931 1794 Felis
970 1735 1327 1791 retraclilibus
1368 1750 1456 1789 m'e
1484 1735 1751 1809 permovit
1777 1734 1844 1788 ad
1871 1733 1994 1788 dan-

326 1847 456 1901 dum
492 1844 851 1905 Pentastomu
879 1860 1002 1895 meo
1041 1858 1242 1893 nomen
1269 1837 1473 1905 Ferae,
1515 1838 1579 1892 ab
1619 1837 1806 1892 ordine
1829 1836 1995 1891 Mam-

326 1949 572 2015 malium,
627 1947 684 2002 in
735 1927 888 2020 cujus
937 1945 1112 1998 fronte
1150 1951 1256 1998 stat
1291 1942 1507 1996 Felium
1545 1961 1732 2015 genus,
1764 1954 1995 2016 ‘reprae-

327 2061 566 2120 sentator
622 2069 866 2105 summus
914 2047 998 2103 sui
1046 2044 1276 2112 ordiniS‚
1339 2044 1580 2100 dentium
1630 2054 1687 2101 et
1732 2046 1996 2118 unguium

329 2157 445 2212 acie
483 2152 863 2210 commilitium
901 2171 1059 2206 suum
1097 2147 1444 2204 antecellens.
