2111 3622
980 142 1386 200 ...72-

349 280 434 335 cio
466 283 523 350 ι).
597 280 737 350 (Sed
774 263 847 324 -’-·
886 283 1158 349 conferas,
1207 301 1437 356 quaem,
1479 281 1881 340 observationes
1917 303 2009 339 no-

347 391 485 439 stras
523 394 796 441 secuturas
835 387 901 442 de
941 384 1154 442 aculeis
1189 384 1441 440 deciduis
1464 387 1802 461 quorundam
1834 385 2013 444 Disto-

349 492 601 559 morum.)
1625 486 1630 490 ’

496 590 644 645 Haec
690 591 1015 667 specimina,
1064 601 1354 667 postquam
1403 611 1564 666 supra
1602 592 1675 647 20
1710 591 1870 648 horas
1907 593 2017 666 jam

352 692 410 747 in
449 713 583 769 aqua
623 695 985 768 frigidiuscula
1024 698 1313 770 jacuerant,
1354 695 1529 750 adhuc
1565 695 1831 751 vivebant.
1902 693 2016 749 Mo·

352 806 440 853 ius
479 798 697 870 quidem
734 801 933 854 intacta
969 820 1079 854 non
1115 799 1457 866 exercebant,
1497 798 1595 853 sed
1634 817 1738 874 ope
1775 797 2018 873 penicilli

277 908 287 912 ”
354 920 423 955 ex
462 901 630 956 altero
668 901 725 958 in
765 904 993 958 alierum
1030 923 1122 959 vas
1148 903 1403 958 translata
1439 902 1586 958 lente
1617 922 1677 958 se
1713 901 2018 956 curvabant.

354 1002 537 1058 Unum
578 1026 646 1060 ex
682 1008 749 1062 iis
788 1007 1021 1062 habebat
1058 1006 1292 1061 cirrhum
1330 1016 1602 1061 exsertum
1639 1016 1695 1061 et
1731 1004 1895 1061 simul
1931 1024 2021 1080 pe·

355 1110 498 1183 perit
536 1128 652 1177 ova,
703 1111 856 1164 nullo
905 1110 1066 1164 modo
1107 1119 1288 1164 autem
1324 1130 1423 1184 per
1458 1110 1600 1173 viam
1640 1109 1816 1176 cin-hi,
1855 1108 1954 1164 sed
1991 1127 2022 1162 e

357 1210 619 1266 foramine
666 1215 815 1287 juxta
867 1212 1102 1267 ciri-hum
1149 1223 1334 1287 aperto
1386 1213 1640 1284 (vulva),
1691 1212 1854 1288 quod,
1903 1210 2022 1267 sine

357 1313 472 1367 ulla
511 1314 794 1382 illusione,
843 1316 1248 1372 distinctissime
1293 1316 1421 1371 vidi.
1495 1315 1897 1375 Lubentissime
1934 1313 2023 1368 ha·-

358 1415 533 1479 bitum
579 1418 738 1492 hujus
790 1419 960 1492 ipsius
1008 1418 1285 1474 foraminis
1335 1419 1736 1484 observassem,
1785 1417 1881 1472 sed
1928 1416 2024 1470 im-

359 1520 619 1593 possibile
658 1521 792 1576 mihi
831 1522 947 1587 suit,
997 1542 1234 1576 vermem
1285 1523 1652 1596 maximopere
1689 1516 2025 1576 incurvatum

362 1623 540 1678 subito
580 1624 745 1678 situm
783 1645 984 1698 ponere
1024 1627 1080 1679 in
1120 1625 1302 1692 talem,
1342 1635 1404 1679 ut
1427 1625 1668 1679 foramen
1707 1624 1864 1679 oculo
1904 1641 2027 1677 meo

365 1727 646 1806 adversum
694 1729 949 1783 venisset.
1025 1727 1173 1784 Haec
1223 1728 1523 1783 observatio
1562 1707 1786 1782 interimv
1817 1725 2028 1800 egregie

366 1829 590 1886 inservit
640 1831 1035 1886 confirmandae
1082 1832 1147 1886 cl.
1187 1832 1257 1886 M
1268 1830 1512 1887 elalisii
1548 1830 1615 1885 de
1652 1813 2028 1886 vulva-Diste-

367 1934 444 1989 mi
481 1933 715 2009 hepatici
755 1936 908 1990 datae
947 1934 1293 2008 descriptioni
1333 1944 1387 1990 et
1423 1933 1786 1989 delineationi.

492 2165 540 2222 1)
568 2171 728 2231 Neque
758 2171 937 2215 Goeze
975 2187 1057 2215 nec
1088 2173 1141 2212 O.
1183 2171 1229 2213 F.
1270 2168 1490 2212 Miiller
1527 2168 1700 2213 aculeos
1748 2168 2033 2230 conspexisse

371 2241 600 2289 videntur.
660 2244 789 2286 Prior
819 2245 938 2286 enim
979 2243 1025 2290 (l.
1058 2241 1114 2289 c.)
1144 2251 1291 2284 totum
1332 2256 1492 2302 corpus
1531 2241 1718 2302 quidem
1763 2251 2033 2304 punctatum

373 2313 607 2370 exhibuit;
638 2315 713 2359 sed
743 2326 913 2376 puncta
951 2313 1123 2358 aculeos
1161 2329 1257 2357 non
1295 2324 1651 2376 repraesentant3
1691 2313 1798 2357 alias
1827 2314 2033 2357 Distoma

371 2387 617 2431 tereticolle
646 2399 691 2432 et
721 2386 990 2436 echinatum,
1031 2402 1225 2447 quorum
1254 2396 1402 2447 partes
1432 2386 1485 2429 in
1513 2385 1665 2429 eadem
1693 2384 1851 2430 tabula
1879 2396 2036 2429 auctor

372 2459 580 2504 laudatus
609 2460 699 2505 fere
729 2461 886 2504 eodem
914 2458 1050 2503 modo
1080 2468 1316 2519 punctatas
1349 2457 1564 2502 delineari
1592 2458 1735 2519 jussit,
1767 2456 1929 2502 aculeis
1957 2473 2036 2528 ΡΞ·

373 2533 484 2576 riter
514 2533 660 2576 obsita
690 2545 881 2594 putares,
922 2534 1060 2576 etiam
1099 2530 1354 2575 aculeorum
1391 2531 1669 2575 mentionem
1698 2529 1873 2578 nullam
1901 2529 2032 2583 fecit;

373 2605 597 2667 posterior
638 2617 786 2650 autem
823 2604 965 2654 (Zool.
1008 2604 1111 2647 dan.
1150 2602 1254 2648 Vol.
1292 2605 1353 2646 ΙΙ.
1392 2619 1439 2665 p.
1481 2598 1571 2650 44.)
1619 2603 1753 2647 dicitt
1799 2601 2035 2653 „Maxima

376 2675 728 2738 amplificatione
757 2689 907 2721 totum
937 2692 1095 2738 corpus
1126 2686 1255 2718 extus
1293 2675 1476 2737 punctis
1512 2675 1714 2718 minimis
1744 2672 2035 2718 transversim

375 2749 583 2792 striatum
613 2752 839 2811 apparet.”
898 2748 1087 2794 Aculeos
1107 2765 1244 2807 aeque
1265 2764 1426 2808 parum
1444 2757 1677 2806 memorat.
1736 2746 1932 2790 Rudol
1934 2763 1967 2808 p
1977 2745 2037 2787 hi

377 2819 454 2864 ‘vel
482 2821 577 2883 ipse
615 2823 667 2865 in
705 2822 833 2865 Obss.
873 2823 989 2864 circa
1029 2837 1198 2864 vermes
1239 2819 1531 2863 intestinales.
1589 2821 1638 2862 P.
1680 2821 1718 2862 Ι.
1755 2835 1803 2879 p.
1843 2814 1915 2863 27.
1954 2816 2036 2860 ubi

379 2893 594 2937 describit
622 2896 678 2936 D.
710 2893 887 2936 Limam
915 2908 1075 2950 magna
1105 2891 1235 2955 copia
1275 2893 1364 2937 sibi
1396 2890 1582 2937 allatum
1621 2891 1679 2936 ab
1718 2891 1886 2940 amico,
1917 2885 2036 2934 nihil

381 2964 542 3011 effatur
573 2964 626 3010 de
657 2964 833 3011 aculeis.
