2111 3622
713 136 1113 196 ...Λ-55η,

85 282 188 340 tius
241 278 450 333 circiter
494 287 739 352 quartam
786 285 876 330 aut
924 275 1058 329 adeo
1110 275 1353 347 quintam
1390 283 1597 348 partem
1634 282 1743 327 tan-

78 393 194 438 tum
232 382 334 437 sibi
372 389 575 447 sumat,
627 377 1072 444 su'breclinatum,
1125 375 1523 435 subincurvum.
1611 376 1742 433 Cor-

72 505 182 560 pus
225 486 553 550 sublineare‚
604 483 675 541 ita
724 481 1007 547 nimirum,
1054 489 1116 535 ut
1162 498 1284 549 pars
1332 497 1465 552 poro
1515 477 1740 532 ventrali

68 589 320 661 'proxima
368 587 653 661 paululum
698 592 1018 639 attenuetur.
1043 614 1062 620 ··
1093 580 1287 635 Latera
1337 582 1454 653 ejus
1501 578 1568 632 ab
1607 598 1737 633 ova-

73 691 177 744 riz's
213 690 286 744 ibi
325 690 440 745 sitis
468 690 813 763 albo-opaca.
888 685 1064 743 Unico
1099 683 1157 738 in
1183 682 1480 758 specimine
1518 679 1738 734 eir-rhus

74 794 421 848 brevissimus
461 801 516 847 et
553 791 914 851 crassissimus
944 797 1068 846 ante
1094 798 1289 861 porum
1319 783 1617 841 ventralem
1654 790 1738 836 est

74 906 334 952 exsertus.

225 997 353 1052 Obs.
427 996 576 1051 Haec
619 995 870 1050 Distoma
917 993 1188 1058 vivebant,
1252 1009 1376 1045 cum
1426 1010 1488 1043 ea
1537 987 1730 1065 reperi,

70 1112 125 1156 et
185 1120 356 1173 aquae
422 1098 635 1173 tepidae
703 1096 944 1152 immissa
1009 1103 1219 1162 motus,
1301 1091 1431 1147 lieet
1500 1090 1723 1157 debiles»,
1786 1070 1797 1085 ¹

68 1203 304 1278 agebant.

374 1305 430 1373 2)
468 1303 790 1363 Distommm
827 1302 1184 1363 dimidiatam
1221 1299 1306 1352 mi
1317 1297 1399 1357 Izi.

312 1405 381 1460 D.
406 1406 831 1472 teretiusculum‚
865 1405 1014 1460 collo
1043 1402 1252 1477 corpori
1273 1398 1604 1471 subaequali,
1640 1417 1729 1470 po-

382 1509 454 1563 ris
480 1509 698 1566 remotis
728 1508 967 1581 globosis
1006 1507 1206 1573 inferis,
1246 1502 1472 1563 ventrali
1511 1502 1728 1573 majore..

208 1611 362 1666 Hah.
439 1611 502 1665 In
540 1611 844 1685 oesophago
890 1611 978 1667 vel
1023 1608 1322 1665 ventriculo
1373 1600 1731 1678 Acipenseris

62 1714 342 1769 Stat-ionis
381 1715 484 1768 duo
524 1714 818 1788 specimina
857 1713 1032 1787 reperi
1071 1714 1120 1766 d.
1161 1713 1210 1766 4.
1248 1710 1377 1782 Maji
1422 1706 1576 1761 1826.

205 1815 408 1873 Dese-r.
474 1815 762 1890 Specimen
801 1818 975 1889 majus
1013 1816 1143 1869 duas
1169 1814 1360 1878 lineas,
1400 1808 1578 1864 minus
1618 1825 1724 1862 ses·

60 1918 356 1991 quilineam
392 1918 581 1993 longa.
657 1918 933 1972 Latitudo
972 1918 1029 1972 in
1067 1916 1247 1972 medio
1276 1915 1485 1971 circiter
1524 1917 1724 1970 lineam

60 2020 337 2074 dimidiam
374 2021 430 2077 in
467 2020 648 2095 priori,
687 2021 744 2074 in
782 2020 1019 2076 secundo
1058 2019 1230 2079 lineae
1263 2019 1477 2074 tertiam
1516 2027 1724 2099 partem

59 2132 268 2196 aequat.
1233 2111 1238 2115 ’

203 2224 483 2280 Vermium
519 2226 1006 2293 teretiusculorum,
1047 2236 1333 2300 antequam
1367 2223 1581 2297 spiritui
1612 2221 1723 2282 vini

58 2328 506 2396 immittebantur,
553 2330 707 2384 valde
745 2329 1170 2402 pellucidorum,
1205 2346 1473 2401 por'ornm
1512 2325 1722 2397 subglu-

57 2430 325 2496 bosornm,
367 2441 611 2504 apertura
664 2431 911 2485 circulari
959 2430 1323 2503 gaudentium,
1371 2429 1595 2486 anticas
1646 2426 1723 2480 in-

56 2533 219 2601 ferus,
267 2533 459 2600 minor,
508 2533 785 2588 ventralis
831 2533 887 2587 in
939 2534 1234 2608 specimine
1283 2534 1485 2605 majore
1537 2529 1722 2603 paulu-

55 2637 168 2689 lum
197 2645 320 2690 ante
340 2636 578 2690 medium
600 2635 835 2711 corporis
855 2635 1008 2701 situs,
1045 2636 1103 2692 in
1126 2636 1335 2689 minore
1358 2635 1523 2692 finem
1544 2640 1718 2706 poste-

54 2740 251 2794 riorem
275 2760 460 2795 versus
489 2740 694 2793 amicae
721 2739 910 2794 tertiae
939 2740 1103 2814 partis
1136 2740 1373 2814 corporis
1401 2736 1586 2801 totius,
1613 2754 1719 2788 ma-

52 2844 136 2914 jor
180 2851 236 2897 et
282 2843 612 2917 prominens.
689 2841 982 2917 Specimen
1027 2845 1200 2917 majus
1241 2843 1314 2896 ,ad
1361 2841 1527 2896 finem
1581 2845 1722 2893 ante-

52 2943 250 3002 riorem
299 2955 354 2999 et
401 2946 758 3020 posteriore-m
794 2947 1020 3021 paulum
1059 2954 1367 3004 attenuatur
1404 2954 1460 2999 et
1497 2939 1564 2997 ad
1601 2957 1720 2995 cau-

53 3047 179 3100 dam
220 3047 441 3121 quidem
477 3049 682 3121 magis3⁴
726 3048 850 3111 finis
889 3049 1100 3120 ant-icus
1140 3059 1223 3105 est
1259 3048 1502 3117 obtusus,
1555 3047 1723 3103 cauda

51 3168 178 3204 vero
214 3148 326 3205 fere
364 3160 624 3219 truncata,
662 3152 840 3208 media
890 3160 1042 3227 parte
1089 3152 1370 3226 impressaq
1446 3151 1507 3204 In
1546 3149 1717 3225 speci·

51 3244 203 3316 mine,
244 3254 453 3309 minore
501 3275 529 3314 a
569 3263 719 3330 parte
770 3255 978 3334 postica
1028 3254 1386 3319 crassissima,
1425 3261 1717 3318 recurvata,

1687 3473 1712 3501 a!
