2111 3622
931 146 1378 206 -104—

332 285 394 342 T.
439 284 768 361 'Unguicula
799 287 949 342 mal-e
994 287 1271 343 nominata
1299 285 1365 359 ι).
1399 286 1526 342 alia
1569 285 1807 360 'quidem'
1832 301 1993 364 quae·

321 389 426 444 stio
455 398 555 458 est,
594 406 758 465 quam
792 409 897 446 nec
935 390 1197 446 affirmare
1234 408 1338 446 nec
1364 409 1560 463 negare
1586 408 1828 464 possum,
1867 410 1993 448 cum

321 498 444 548 mea
503 493 714 567 species
741 491 1050 569 ··t³antopere
1104 492 1290 549 variet.
1387 492 1591 551 Eudo
1604 490 1761 568 Iphi
1818 503 1994 570 capnt

321 595 560 652 Taeniae
598 617 629 652 a
665 596 987 652 Braunio
1033 596 1138 652 sibi
1174 596 1373 653 missae
1410 605 1571 653 vocat
1605 595 1993 662 „obovatum,''

322 709 382 756 e‘t
421 699 528 755 hoc
575 700 863 756 convenire
910 709 1099 776 posset
1146 719 1271 755 cum
1322 698 1786 757 observationibus
1835 699 1992 767 mei8‚

321 803 369 859 si
415 802 674 858 nimirum
722 803 851 858 colli
897 803 1222 860 anteriorem
1258 813 1469 879 partem
1506 803 1699 878 capitis
1735 803 1996 878 posterio-

319 926 437 962 rem
482 905 762 962 nomi-nare
808 907 997 964 velles.
1080 906 1302 975 Fateor,
1360 926 1450 962 me
1496 907 1678 982 ipsum
1724 907 1996 963 interdum

320 1017 531 1085 partem
574 1011 703 1066 colli
742 1011 1051 1067 osculorum
1088 1011 1280 1087 capitis
1317 1010 1604 1086 posteriori
1640 1011 1868 1085 margini
1905 1030 1995 1067 an-

320 1133 519 1169 nexam
573 1115 738 1190 paulo
796 1114 977 1171 minus
1037 1116 1437 1191 complanatam
1491 1114 1872 1189 conspexisse,
1932 1133 1998 1170 ac

320 1216 590 1292 reliquam
634 1218 782 1274 illius
829 1218 1204 1294 posteriorem,
1266 1218 1325 1272 in
1372 1217 1493 1274 aliis
1530 1216 1637 1273 hoc
1672 1237 1784 1272 non
1822 1218 1897 1273 ita
1933 1238 1996 1274 se

320 1319 568 1387 habebat,
626 1330 684 1376 et
727 1320 786 1376 in
835 1322 1086 1378 omnibus
1133 1321 1207 1388 id,
1267 1321 1414 1395 quod
1459 1320 1579 1395 ipse
1627 1331 1790 1395 caput
1825 1320 1995 1377 nomi-

320 1422 471 1489 navi,
529 1432 814 1498 tantopere
865 1423 1137 1480 elevatum
1187 1433 1271 1480 est
1319 1442 1479 1497 supra
1531 1432 1743 1498 partem
1789 1424 1918 1478 colli
1964 1444 1997 1479 a

321 1544 412 1581 me
461 1524 592 1580 dicti
631 1525 972 1595 anteriorem,
1029 1537 1092 1582 ut
1127 1527 1264 1582 mihi
1301 1529 1659 1601 incongruum
1697 1547 1817 1584 esse
1853 1527 1997 1583 vide·

321 1637 494 1696 retur,
557 1639 767 1703 partem
822 1629 984 1686 istam
1042 1630 1207 1705 capiti
1264 1629 1510 1704 adjicere.
1601 1629 1818 1687 Collum
1865 1650 1998 1687 sane

321 1730 550 1788 dixisset
595 1732 673 1786 ill.
722 1733 822 1788 Vir
867 1734 1264 1798 brevissimum,
1323 1734 1369 1789 si
1408 1733 1484 1789 ita
1521 1734 1602 1788 uti
1649 1734 1708 1792 in
1744 1733 1995 1808 plurimis

321 1836 459 1892 meis
497 1836 886 1911 speciminibus
925 1838 982 1892 id
1017 1838 1256 1905 vidisset,
1312 1847 1367 1891 et
1402 1836 1509 1892 nisi
1545 1836 1681 1891 illud
1717 1837 1996 1913 specimen

323 1959 483 2013 supra
522 1940 852 2015 descriptum
889 1941 946 1995 in
987 1940 1243 1996 Ciconiae
1281 1940 1810 2015 pullo‘reperissem‚
1850 1941 1997 2015 quod

323 2042 470 2097 collo
509 2043 679 2116 magis
719 2045 971 2116 elongato
1009 2044 1222 2117 gaudet,
1267 2064 1337 2097 ex
1372 2043 1483 2099 illis
1521 2044 1722 2099 summi
1757 2042 1996 2098 Helmin-

322 2144 531 2219 thologi
576 2145 754 2202 verbis
793 2146 1150 2201 differentiam
1188 2146 1512 2201 Taeniarum
1550 2155 1852 2202 nostrarum
1890 2146 1996 2200 col-

321 2247 594 2321 legissem.
651 2249 732 2313 Ita
769 2270 854 2307 res
893 2258 1106 2305 tanturn
1144 2248 1304 2303 dubia
1340 2257 1541 2305 manet.
1598 2248 1846 2306 Articuli
1873 2268 1994 2305 con-

321 2351 507 2407 venire
543 2350 806 2409 videntur.v

476 2543 914 2600 Observationes
950 2545 1021 2599 de
1069 2544 1290 2599 Taenia
1318 2544 1561 2619 perlata
1600 2542 1852 2600 Goezii.

466 2689 588 2743 Am.
647 2691 1008 2764 Schilling
1064 2691 1123 2745 in
1180 2691 1275 2745 int.
1325 2690 1596 2745 Falconis
1635 2688 1997 2763 fusco-atri

323 2808 464 2844 anno
507 2792 663 2846 1824.
704 2792 927 2846 offendit
974 2792 1267 2859 Taeniam‚
1328 2813 1467 2867 quae
1514 2790 1649 2847 mihi
1687 2792 1749 2847 Τ.
1788 2792 1993 2866 perlata

288 2942 290 2945 ,
326 2890 569 2948 Goezii
606 2914 725 2949 esse
762 2894 990 2963 videtur,
1030 2915 1319 2970 quamque,
1360 2895 1438 2950 uti
1479 2894 1610 2950 alias
1647 2893 1783 2948 infra
1816 2895 1992 2950 dicen-

443 3143 486 3195 1)
516 3149 658 3192 Rud.
688 3145 926 3192 Entozool.
956 3148 1016 3192 ΙΙ.
1057 3145 1098 3191 2.
1130 3164 1176 3210 p.
1209 3124 1309 3192 207.
1371 3148 1681 3196 Vocabulum:
1727 3147 1992 3205 Unguicula

319 3218 534 3278 pessimae
573 3218 741 3264 indolis
779 3230 846 3264 est
881 3230 927 3264 et
957 3221 1084 3264 omni
1111 3235 1242 3265 sensu
1272 3236 1437 3273 carens,
1484 3223 1535 3269 in
1564 3220 1691 3267 aliud
1720 3218 1878 3265 melius
1907 3218 1992 3264 ita-

318 3304 406 3349 que
435 3291 719 3336 mutandum.
