2111 3622
992 155 1396 216 ....64...⁶

784 377 880 457 De
917 376 1180 432 Distomo
1220 377 1480 430 isostomo
1522 376 1594 433 R..

505 493 578 548 D.
616 494 668 550 8.
709 494 920 570 Septbr.
956 496 1113 550 1826.
1152 495 1357 550 Astaei
1386 494 1697 567 fluviatilis
1734 495 1907 550 maris·
1934 495 2023 550 du·

311 580 314 581 ⁷
359 597 534 655 clibus
572 599 894 654 seminiferis
924 598 1265 653 adhaerentia
1295 597 1568 652 Distoma
1604 597 1872 652 isostoma
1903 608 2026 653 octo

358 703 552 778 reperi.
629 702 789 757 Certo
830 723 891 758 ea
929 722 1039 757 non
1074 702 1413 777 reperissem,
1455 720 1579 756 cum
1615 701 1771 757 valde
1809 702 2024 757 subtilia

361 815 417 862 et
452 805 724 880 pellucida
762 806 926 862 simul
963 806 1175 872 suerint,
1214 805 1320 860 nisi
1361 805 1539 876 colore
1567 806 1733 860 ioseo
1772 825 1802 859 a
1841 805 2024 859 ductu-

360 929 456 963 um
480 909 911 964 seminiferorum
939 909 1169 964 candido
1193 909 1446 980 distingui
1466 909 1788 983 potuissent.
1836 907 2026 982 Aquae

361 1012 587 1086 frigidae
633 1013 877 1069 immissa
937 1013 1084 1067 lente
1131 1032 1190 1068 se
1247 1012 1560 1080 movebant,
1617 1011 1748 1071 licet
1798 1010 2026 1067 Astacus

360 1137 463 1192 -per
500 1117 682 1191 plures
720 1117 879 1172 horas
929 1118 1038 1189 jam
1090 1116 1144 1170 in
1208 1116 1399 1191 spiritu
1446 1114 1701 1170 frumenti
1756 1117 2024 1189 jacuisset.

361 1353 433 1404 lit,
463 1354 599 1397 etiam
629 1352 872 1396 collatione
903 1369 1007 1396 cum
1050 1351 1243 1395 aliorum
1283 1351 1551 1411 animalium
1587 1350 1852 1396 inferiorum
1890 1369 2029 1414 appa-

361 1436 461 1468 ratu
494 1424 779 1468 alimentario
809 1427 969 1481 arguit,
1001 1435 1195 1485 anteque
1226 1441 1328 1467 eum
1348 1427 1612 1482 Bojanas
1643 1423 1757 1471 (vid.
1789 1425 1882 1468 Isis.
1903 1428 2026 1471 Ann.

364 1494 493 1542 1821.
523 1499 643 1541 Fasc.
665 1499 747 1541 III.
779 1515 826 1560 p.
859 1494 994 1549 307),
1024 1513 1104 1542 vas
1134 1495 1306 1540 dorsale
1327 1498 1443 1538 Dist.
1473 1494 1672 1549 hepatici
1709 1513 1812 1539 cum
1842 1497 1923 1540 illo
1957 1500 2054 1542 in<

358 1581 579 1614 sectorum
609 1571 914 1632 comparando
946 1571 1021 1619 (-·
1053 1581 1207 1613 utrum
1246 1568 1332 1612 hoc
1370 1569 1547 1623 merito,
1589 1584 1673 1612 nec
1702 1585 1771 1620 ne,
1812 1568 1889 1612 hic
1924 1586 2038 1627 επιει-ἢ

360 1643 573 1687 minandi
602 1641 725 1686 locus
755 1659 837 1687 nec
869 1654 946 1697 est,
976 1659 1059 1686 nec
1088 1653 1242 1686 nostra
1262 1642 1397 1686 refert
1427 1641 1503 1691 -)
1534 1641 1720 1686 ductum
1750 1639 2029 1687 thoracicum

361 1732 450 1759 esse
479 1726 733 1778 putaverat.

479 1787 546 1832 Cl.
581 1786 813 1843 Nar-do,
843 1790 1044 1833 Naturae
1075 1798 1296 1832 scrutator
1318 1786 1613 1838 Claudiensis,
1642 1789 1780 1832 etiam
1799 1787 1869 1836 (in
1899 1787 2028 1850 ephe—

359 1860 609 1906 meridibus
638 1860 1003 1921 Heusingerianis
1035 1878 1170 1922 supra
1209 1862 1376 1915 citatis,
1413 1860 1516 1907 Vol.
1556 1862 1591 1904 Ι.
1624 1861 1746 1905 Fa‘sc.
1781 1859 1818 1905 1.
1859 1879 1905 1924 p.
1937 1860 2027 1909 68.)

361 1935 418 1978 de
448 1950 535 1977 ano
566 1933 786 1995 loquitur,
818 1951 952 1994 quem
983 1934 1154 1978 viderit
1184 1935 1234 1978 in
1264 1936 1476 1977 Distomo
1507 1933 1707 1994 quodam
1743 1936 1917 1978 enormi
1947 1931 2030 1982 (5‘¹

360 2006 514 2066 longo)
545 2023 570 2050 a
600 2023 643 2050 se
675 2009 726 2049 in
755 2008 972 2050 intestino
1003 2008 1139 2068 piscis
1169 2006 1397 2066 cujusdam
1414 2039 1425 2055 ,
1461 2009 1748 2063 Proeto-§tegi
1788 2007 1921 2060 sibi,
1961 2008 2030 2050 in-

361 2090 501 2125 vento
532 2078 677 2127 (Disc.
708 2081 859 2136 Gigas
899 2079 1140 2128 nominat),
1183 2090 1231 2122 at
1269 2078 1323 2122 cl.
1364 2080 1697 2134 Heusinger
1734 2095 1837 2122 eum
1866 2080 2030 2122 merito

362 2152 420 2195 ad
450 2168 561 2213 opus
593 2153 871 2195 Melzlisii
900 2151 1088 2210 ablegat,
1132 2168 1224 2211 quo
1253 2151 1486 2204 nimirum,
1518 2161 1773 2211 aperturam
1802 2151 2032 2195 caudalem

359 2226 676 2268 Distomorum
705 2222 829 2267 haud
859 2225 911 2272 in
951 2225 1233 2274 intestinum,
1277 2222 1353 2266 sed
1391 2224 1444 2266 in
1480 2233 1672 2282 systema
1710 2223 1868 2270 ducene
1905 2239 2032 2267 vaso-

362 2315 477 2352 rum,
507 2297 684 2355 legeret.
744 2297 1012 2359 Optandum
1042 2307 1120 2350 est,
1151 2307 1205 2340 ut
1244 2295 1300 2340 cl.
1341 2297 1426 2342 Vir
1464 2311 1576 2338 mox
1613 2295 1916 2357 descriptione
1956 2303 2032 2340 ex—

364 2382 463 2415 acta
493 2382 538 2414 et
567 2370 869 2414 delineatione
897 2370 1100 2413 Distomi
1129 2370 1199 2413 sui
1236 2386 1318 2413 nos
1356 2369 1507 2412 donet.
1571 2369 1687 2411 Cum
1727 2379 1879 2412 tantae
1909 2367 2032 2411 istud

363 2443 814 2503 magnitudinis-sit,
861 2459 985 2487 nova
1025 2442 1171 2486 multa
1218 2442 1278 2486 ad
1317 2452 1559 2485 anatomen
1605 2450 1651 2484 et
1697 2438 2032 2504 physiologiam

362 2516 677 2559 Distomorum
707 2517 957 2578 spectantia
988 2532 1069 2559 nos
1101 2525 1224 2559 certo
1255 2514 1450 2558 docebit.

479 2589 573 2648 Ego
605 2590 701 2649 ipse
730 2587 935 2632 foramen
965 2587 1150 2632 caudale
1179 2589 1230 2631 in
1249 2587 1481 2636 Distomis‚
1514 2604 1708 2649 quorum
1736 2598 1889 2631 tamen
1917 2586 2035 2630 mul-

365 2669 434 2703 tas
463 2659 631 2720 species
661 2671 706 2703 et
735 2677 957 2703 summam
986 2660 1334 2705 individuorum
1364 2660 1545 2720 copiam
1575 2659 1695 2703 lente
1724 2669 1770 2703 et
1797 2660 2034 2702 microsco-

365 2733 446 2793 pio
484 2731 665 2791 adjutus
706 2743 877 2776 attente
923 2734 1207 2784 examinavi,
1259 2747 1496 2792 nunquam
1536 2731 1661 2781 vidi,
1705 2742 1896 2793 excepto
1937 2730 2033 2774 solo

366 2806 582 2847 Discomo
608 2805 782 2864 pusillo
814 2807 855 2847 Z
865 2807 945 2848 ed.
978 2806 1032 2849 de
1063 2823 1156 2866 quo
1187 2805 1272 2848 hoc
1303 2806 1438 2850 etiam
1469 2805 1520 2847 in
1549 2803 1677 2847 Obss.
1709 2819 1843 2847 mear.
1873 2803 1927 2846 de
1946 2805 2033 2847 En-

366 2886 456 2919 toz.
485 2877 533 2919 P.
564 2877 601 2918 I.
632 2891 678 2936 p.
711 2872 782 2919 56.
814 2877 1018 2939 allegavi.
1080 2878 1250 2940 Scripsi
1279 2878 1328 2919 in
1347 2877 1570 2926 Diadum,
1591 2893 1663 2920 me
1679 2875 1766 2925 ibi,
1796 2875 1907 2919 dum
1935 2892 2034 2921 ver·

367 2946 528 2991 miculi
557 2947 778 2992 vivebant
820 2961 864 2993 et
894 2951 1112 3013 pellucidi
1142 2962 1281 3004 erant,
1320 2968 1485 3012 porum
1521 2950 1659 2992 finem
1689 2949 1854 2993 caudae
1883 2965 2033 2994 versus

369 3020 673 3081 conspexisse;
703 3021 777 3064 sed
806 3033 961 3083 postea
990 3034 1141 3066 tamen
1176 3022 1390 3067 dubitavi
1421 3034 1466 3067 et
1494 3032 1739 3082 antequam
1761 3038 1856 3065 rem
1887 3022 2036 3065 certis*

369 3095 530 3136 simam
559 3091 894 3153 proclamarem,
924 3111 1066 3138 novas
1099 3095 1447 3144 observationes,
1477 3104 1842 3155 quarum'postea
1864 3093 2034 3136 occasio

370 3165 578 3209 nondum
614 3165 731 3209 mihi
771 3166 876 3209 data
915 3178 993 3219 est,
1035 3168 1293 3209 necessarias
1333 3166 1487 3221 habui,
1529 3184 1632 3210 cum
1671 3169 1722 3210 in
1757 3163 1906 3219 nihilo
1945 3163 2034 3207 fere

371 3239 513 3296 magis
542 3240 891 3301 microscopium
929 3238 1081 3282 fallere
1107 3240 1263 3300 possit,
1288 3256 1424 3299 quam
1456 3242 1505 3283 in
1534 3239 1829 3286 monstrando
1857 3254 2034 3300 porum,

374 3310 456 3353 ubi
484 3327 579 3354 non
610 3307 756 3355 adesse
787 3306 968 3370 iteratae
999 3309 1398 3372 contemplationes
1429 3313 1606 3357 decent.
