2111 3622
744 184 1144 242 ...9.-

446 380 858 437 STRONGYLI
903 380 1199 437 SPECIES
1237 380 1391 439 NoV
1393 383 1456 439 A.

537 513 868 589 Strongylzcs
904 534 1135 570 cernuus
1170 533 1223 569 m
1236 515 1257 568 i
1267 514 1352 568 Izi.

375 630 479 686 Str.
519 633 707 707 capitis
744 631 1025 686 subcernui
1053 630 1259 705 gibbosi
1289 650 1379 686 ore
1406 630 1594 699 infem,
1633 631 1775 689 inae-

448 735 620 810 quali,
680 735 850 802 nud0,
910 753 1129 809 corpore
1183 733 1432 807 utrinque
1480 744 1773 800 attenuato,

444 839 602 893 bursa
639 837 800 892 maris
837 836 1032 902 bilche,
1071 836 1207 891 lobis
1241 836 1571 910 aequalibus,
1611 838 1778 893 cauda

442 940 672 994 feminae
712 940 911 1005 conica,
953 938 1329 995 obtusiuscula.

269 1042 421 1100 Hah.
462 1041 524 1095 In
560 1042 654 1096 int.
683 1041 833 1094 tenui
867 1039 1002 1095 Ovis
1025 1040 1239 1095 Arietis
1273 1041 1538 1115 hispanici
1577 1043 1777 1116 aegroti

127 1147 175 1200 d.
218 1137 300 1200 13.
341 1143 588 1200 Octobris
632 1143 770 1198 1826
821 1142 951 1197 duas
997 1142 1238 1209 feminas,
1288 1143 1345 1198 in
1392 1144 1635 1218 ejusdem
1679 1146 1775 1200 int.

125 1266 301 1302 crasso
341 1247 474 1301 duos
512 1265 685 1300 mares
723 1245 920 1320 reperit
956 1245 1257 1301 Lam-er.

265 1349 467 1421 Depo-r.
506 1348 704 1402 Mares
742 1357 862 1401 octo
900 1347 1070 1403 lineas
1120 1348 1328 1403 circiter
1363 1349 1527 1424 longi,
1566 1359 1775 1418 tenueS,

122 1451 244 1505 albi.
321 1451 535 1524 Corpus
568 1450 834 1525 utrinque,
873 1451 969 1506 sed
1008 1451 1074 1504 ad
1110 1452 1274 1506 finem
1310 1453 1577 1527 posticum
1613 1454 1777 1528 paulo

121 1553 299 1619 minus
338 1562 684 1609 attenuatum.
762 1553 950 1627 Caput
997 1553 1375 1624 subcernuum,
1413 1556 1650 1631 corporis
1690 1576 1777 1610 an-

120 1655 315 1711 teriore
350 1656 459 1710 fine
481 1675 769 1731 perparum
796 1656 1042 1724 crassiuS,
1083 1657 1315 1729 gibbum,
1356 1657 1513 1713 bulla
1548 1677 1775 1725 cornea,

118 1759 200 1814 uti
235 1758 371 1812 illud
406 1757 680 1833 Strongyli
726 1758 1054 1833 hypostomi,
1102 1759 1424 1814 instructum
1470 1779 1589 1815 esse
1637 1759 1779 1816 vide-

107 1870 222 1925 ΜΠ,
264 1870 319 1916 et
353 1861 516 1916 habet
551 1881 615 1916 os
651 1881 903 1935 magnum
951 1861 1261 1936 inaequale,
1309 1862 1366 1916 in
1414 1862 1580 1918 latere
1620 1863 1776 1918 abdo-

120 1963 322 2017 minali.
400 1964 636 2019 Caudae
680 1963 851 2018 bursa
901 1964 957 2018 in
1006 1965 1172 2020 altero
1221 1964 1518 2039 specimine
1569 1965 1633 2019 ab
1679 1966 1776 2020 illa

119 2065 337 2120 alterius
389 2066 610 2121 diversa.
685 2065 748 2119 In
793 2066 958 2141 priori
1007 2068 1153 2121 enim
1191 2067 1247 2121 in
1285 2067 1512 2120 sormam
1548 2067 1776 2121 infundi-

118 2167 230 2221 buli
275 2167 479 2223 sensim
526 2189 556 2223 a
603 2169 801 2224 caudae
847 2169 954 2224 fine
1003 2170 1268 2236 dilatatur,
1320 2181 1381 2224 ut
1426 2170 1482 2224 in
1532 2171 1639 2225 fine
1677 2191 1776 2226 suo

116 2271 224 2326 late
278 2271 417 2340 hiet,
473 2271 531 2326 in
587 2281 814 2346 utroque
863 2272 1029 2327 latere
1076 2293 1202 2328 vcro
1258 2273 1428 2348 magis
1479 2274 1774 2346 elongatur,

118 2393 281 2446 quam
328 2394 358 2429 a
405 2381 556 2448 parte
603 2374 800 2430 dorsali
858 2385 912 2430 et
961 2375 1314 2443 abdominali,
1373 2396 1481 2451 quo
1530 2377 1776 2433 oriuntur

119 2475 224 2528 duo
261 2475 375 2529 lobi
410 2460 657 2530 laterales
684 2476 941 2549 insignes,
980 2478 1271 2545 rotundam,
1310 2479 1404 2552 qui
1428 2479 1484 2532 in
1510 2478 1618 2534 fine
1655 2480 1775 2536 sub-

116 2578 378 2635 incurvati
414 2587 553 2635 sunt.
632 2579 837 2633 Castae
874 2579 1212 2645 fortissimae,
1265 2601 1490 2656 quarum
1525 2582 1774 2639 laterales

113 2701 174 2736 se
219 2681 274 2735 in
324 2681 530 2756 aliquot
572 2701 749 2737 ramos
798 2682 1068 2750 dividunt,
1119 2683 1433 2740 fulcimento
1470 2684 1660 2740 bursae
1698 2686 1773 2740 in-

114 2783 364 2839 serviunt.
438 2783 722 2858 Spiculum
753 2785 1007 2859 genitale
1050 2806 1152 2842 nec
1199 2787 1255 2843 in
1292 2786 1423 2853 hoc,
1471 2807 1572 2843 nec
1608 2788 1665 2843 in
1703 2789 1774 2843 al-

113 2894 229 2939 tero
267 2886 564 2963 specimine
602 2889 862 2962 apparuit.
936 2889 1109 2963 Hujus
1149 2889 1320 2944 bursa
1356 2890 1604 2948 incisuris
1644 2891 1771 2957 illis,

114 2988 307 3061 quibus
344 2989 455 3043 lobi
494 2989 684 3063 prioris
720 2991 1039 3058 efficiamur,
1079 3002 1238 3059 caret,
1278 3001 1552 3067 praeterea
1591 3001 1773 3047 autem

114 3090 243 3146 satis
293 3110 416 3147 cum
463 3092 554 3146 illa
605 3094 873 3159 convenit,
923 3095 1084 3150 latius
1132 3104 1316 3170 aperta
1365 3104 1548 3150 tamen
1598 3104 1680 3150 est
1718 3104 1772 3153 et

113 3192 316 3247 formae
354 3195 524 3267 magis
562 3196 879 3270 irregularis.

259 3295 616 3356 Feminarum
657 3300 820 3355 altera
860 3299 1064 3367 decem,
1106 3301 1270 3356 altera
1308 3299 1561 3357 undecim
1598 3300 1767 3357 lineas
