2111 3622
730 197 1132 254 -75-

103 336 279 392 mibus
329 344 485 390 antea
535 335 856 390 adhaerente
905 332 1174 387 abstersos
1223 332 1438 393 inveni.
1501 335 1760 391 Jacebant

100 439 157 493 hi
207 438 405 505 aculei,
456 438 571 494 basi
619 445 860 493 truncata
910 435 1232 509 gaudenteS,
1272 434 1329 488 in
1366 435 1529 491 fundo
1568 417 1756 512 aquae,

100 562 205 614 qua
243 561 452 595 vermes
491 541 859 595 absterseram.
933 537 1290 609 Summopere
1319 537 1608 593 admiratus
1635 561 1757 595 sum

98 643 237 698 hanc
273 644 453 698 laxam
491 661 806 717 compagem
832 641 1142 695 aculeorum
1168 648 1222 694 et
1258 639 1414 703 cutis,
1454 640 1542 694 cui
1578 641 1756 696 simile

100 745 230 818 quid
267 744 403 799 mihi
439 755 569 801 tunc
607 745 864 819 temporis
901 743 1143 798 nondum
1181 742 1484 797 obvenerat.

244 848 354 903 Sed
392 848 531 903 mox
557 848 615 903 in
653 847 798 901 affini
827 845 1120 901 vermiculo
1159 845 1305 900 idem
1343 845 1759 920 phaenomenon

99 970 158 1005 se
196 950 329 1005 mihi
378 951 592 1018 obtulit,
637 950 695 1004 in
746 948 1025 1004 Distomis
1054 947 1354 1024 ferocibus
1401 948 1676 1015 videlicet,
1728 969 1759 1004 e

103 1052 339 1107 Ciconia
393 1053 533 1107 alba
550 1046 826 1125 ³'Augusto
874 1071 1062 1105 mense
1109 1051 1234 1105 anni
1281 1051 1636 1125 praeterlapsi
1686 1034 1772 1106 le·-

99 1156 199 1210 ctis
234 1155 617 1227 compluribus.
689 1153 922 1217 Horum,
963 1152 1093 1206 dum
1131 1153 1295 1208 modo
1334 1152 1510 1219 cavis,
1550 1153 1606 1206 in
1647 1154 1757 1227 qui-

97 1256 195 1310 bus
242 1256 536 1330 degebant,
577 1264 790 1311 exemta
830 1254 1264 1328 contemplabar,
1316 1255 1520 1310 collum
1541 1259 1607 1323 ¹),
1647 1277 1758 1310 non

97 1368 278 1412 autem
317 1378 527 1435 corpus,
570 1357 772 1414 aculeis
804 1357 1070 1424 brevibus,
1111 1357 1431 1425 fortissimis,
1470 1369 1760 1415 retrorsum

98 1461 342 1528 directis,
395 1463 631 1517 obsitum
667 1461 866 1526 inveni,
914 1460 1189 1536 postridie,
1231 1480 1395 1534 quam
1432 1461 1757 1530 inveneram,

98 1573 280 1618 contra
321 1585 440 1639 pars
467 1565 661 1618 horum
699 1564 1008 1619 aculeorum
1039 1564 1348 1618 deciderant
1385 1575 1597 1638 sponte.
1635 1586 1757 1640 pars

97 1667 303 1740 reliqua
362 1667 618 1742 penicillo
677 1667 965 1740 abstergeri
1021 1667 1216 1741 potuit.
1304 1665 1518 1721 Corona
1578 1678 1759 1724 autem

98 1788 158 1824 os
197 1768 417 1842 cingens
455 1770 724 1826 manebat.

237 1871 309 1926 Ni
364 1873 592 1946 graviter
642 1873 814 1940 fallor,
877 1871 1041 1927 etiam
1096 1871 1153 1925 in
1202 1871 1467 1926 Distomo
1523 1875 1758 1948 quodam

98 1984 325 2029 armato
365 1976 796 2044 (Echinostomo)
844 1995 873 2029 e
914 1973 1178 2048 Colymbo
1229 1974 1574 2049 rzgfogulari,
1614 1978 1757 2052 quod

97 2087 186 2132 aut
224 2079 346 2132 cum
396 2079 698 2152 leptosomo
737 2097 819 2131 m:
865 2097 1081 2151 prorsus
1122 2078 1391 2143 convenit,
1432 2087 1524 2132 aut
1564 2080 1756 2134 saltem

97 2179 147 2235 ei
181 2181 338 2236 valde
377 2180 534 2234 affine
574 2186 672 2245 est,
714 2181 931 2235 aculeos
963 2180 1216 2235 deciduos
1243 2181 1536 2235 observavi.
1613 2181 1758 2237 Inter

95 2283 390 2358 specimina
436 2285 711 2358 complura
761 2284 968 2338 scilicet
1015 2283 1124 2338 vidi
1179 2284 1413 2357 aliquot,
1467 2305 1603 2358 quae
1651 2286 1755 2338 col-

98 2385 229 2447 lum,
270 2394 323 2440 et
360 2405 544 2450 unum,
585 2387 730 2459 quod
753 2387 887 2440 adeo
915 2385 1152 2459 corporis
1192 2386 1510 2441 anteriorem
1550 2397 1756 2461 partem

99 2486 305 2542 echinis
365 2485 632 2541 habebant
691 2488 877 2543 obsita.
972 2487 1197 2542 Memini
1246 2489 1425 2553 etiam,
1475 2510 1580 2554 me,
1631 2511 1755 2545 cum

95 2590 353 2664 postridie
407 2584 722 2664 aliquando,
783 2611 944 2666 quam
1000 2611 1332 2664 repereram,
1397 2590 1648 2646 Distoma
1699 2593 1755 2647 in

95 2693 292 2767 quibus
329 2692 544 2749 aculeos
584 2694 712 2748 colli
758 2703 814 2749 ct
849 2694 1086 2768 corporis
1124 2693 1379 2761 videram,
1417 2694 1594 2749 denuo
1634 2711 1754 2750 con-

216 2900 260 2951 1)
288 2904 635 2948 Bremseras
674 2903 815 2952 (Icon.
845 2903 960 2947 Tab.
1002 2906 1056 2948 X.
1088 2905 1182 2963 Fig.
1223 2902 1265 2948 7.
1296 2902 1356 2954 9.)
1395 2903 1527 2966 hujus
1557 2905 1755 2948 Distomi

95 2972 268 3018 aculeos
295 2976 446 3029 etiam,
477 2975 552 3019 sed
582 2978 633 3019 in
661 2976 769 3020 colli
795 2987 957 3047 parte
964 2978 1186 3021 anterime
1224 2977 1384 3021 inflata
1414 2977 1507 3021 sola
1536 2977 1754 3020 delineari

92 3046 238 3107 jussit.
294 3048 388 3107 Ego
417 3058 566 3091 totum
595 3047 762 3092 collum
792 3066 929 3110 usque
959 3049 1016 3092 ad
1056 3066 1221 3110 porum
1257 3049 1504 3094 v·ent1alem
1543 3050 1599 3092 iis
1637 3048 1754 3092 obsi-

93 3128 192 3162 tum
228 3082 358 3163 vidi,D
402 3119 474 3163 ΙΙΙ.
517 3121 818 3183 Rudolphi
857 3139 1010 3166 eorum
1048 3123 1326 3166 mentionem
1370 3139 1465 3165 non
1502 3121 1631 3171 facit,
1669 3137 1753 3164 nec

93 3207 172 3249 ego
202 3191 254 3234 in
283 3192 408 3252 prius
437 3192 639 3236 inventis
668 3190 739 3239 his
761 3193 992 3248 Distomis,
1022 3212 1079 3238 ne
1106 3195 1345 3255 vestigium
1365 3194 1550 3254 quidem
1581 3209 1752 3243 eorum,

93 3264 510 3314 animadverteram,
551 3274 603 3308 ut
640 3265 774 3309 etiam
810 3283 981 3328 semper
1019 3267 1074 3312 de
1112 3269 1302 3312 veritate
1340 3266 1520 3310 iconum
1559 3266 1753 3310 Bremse-

95 3334 319 3379 rianarum
351 3333 437 3380 hoe
465 3348 664 3399 respectu
694 3338 980 3385 dubitassem.
