2111 3622
986 146 1390 204 ...32-

360 307 571 364 corpus.
629 285 873 345 Articuli
911 287 1073 341 antici
1111 285 1491 358 rugaeforme8‚
1530 292 1820 356 sequentes
1856 283 1913 337 in
1952 282 2027 337 di-

362 392 530 449 versis
580 389 964 466 speciminibus
1014 388 1295 463 paululum
1347 386 1557 443 diversi.
1632 385 1695 440 In
1732 386 2030 459 specimine

359 496 546 571 primo
583 493 841 548 nimirum
881 511 1068 546 eorum
1105 490 1367 557 omnium,
1417 497 1685 565 quotquot
1723 488 1847 554 sint,
1895 510 2030 542 mar-

366 600 490 672 gine
528 597 736 672 postico
776 596 1002 661 tumide,
1055 603 1148 648 aut
1185 594 1469 659 tumiduIO,
1510 592 1720 647 articuli
1757 592 2052 672 sequentis

364 711 574 777 partem
621 698 944 754 anteriorem
991 698 1146 753 valde
1183 706 1402 769 tegente
1438 697 1838 761 instructorum,
1896 694 2035 769 prio-

368 824 454 859 res
492 801 815 868 brevissimi,
867 785 1071 865 obtusi,
1111 810 1401 875 sequentes
1439 800 1647 866 breveS‚
1700 793 2034 864 subcuneati,
2075 828 2078 830 -

369 904 717 961 transversim
770 903 977 976 rugosi,
1040 904 1249 976 angulis
1300 902 1662 959 obtusissimis
1675 924 1690 971 3
1748 902 1849 957 hos
1900 900 2039 956 exci-

370 1010 527 1085 piunt
562 1007 672 1062 fere
711 1007 862 1074 recti,
924 1015 1016 1060 aut
1055 1017 1357 1064 antrorsum
1379 1026 1586 1082 ,parum
1624 1005 1908 1079 angustati,
1954 1023 2039 1058 us-

375 1131 481 1186 que
533 1111 601 1164 ad
639 1110 830 1176 finem,
889 1110 975 1163 cui
1012 1129 1139 1165 vero
1174 1112 1473 1167 terminalis
1514 1111 1680 1165 deest.
1766 1109 1815 1164 A
1851 1106 2040 1182 primis

373 1212 706 1270 brevissimis
745 1234 960 1287 semper
995 1213 1166 1286 magis
1204 1214 1409 1270 sensim
1447 1215 1780 1289 elongantur,
1820 1221 1884 1266 ut
1919 1210 2043 1264 ulti-

375 1336 589 1371 morum
626 1315 909 1388 longitudo
948 1315 1292 1370 latitudinem
1328 1318 1413 1372 vel
1453 1328 1640 1392 quater
1664 1324 1900 1391 superet.
1961 1313 2044 1368 Si-

376 1419 490 1473 mul
528 1417 721 1471 ultimi
747 1417 949 1471 sensim
988 1426 1100 1471 tam
1139 1421 1348 1491 angusti
1387 1420 1513 1475 facti
1549 1429 1694 1487 sunt,
1740 1429 1801 1473 ut
1839 1418 1933 1472 vix
1971 1417 2044 1470 di-

377 1521 602 1576 midiam
637 1520 980 1574 latitudinem
1019 1520 1372 1598 articulorum¹
1403 1524 1458 1577 in
1495 1523 1676 1578 medio
1699 1520 1924 1576 ’dimidii
1962 1522 2047 1574 an-

382 1623 591 1680 terioris
630 1623 962 1678 retinuerint.
1038 1621 1103 1677 In
1130 1626 1461 1697 posticorum
1488 1627 1668 1681 medio
1694 1624 1932 1679 nodalus
1958 1633 2050 1677 aut

379 1727 574 1782 nuduli
622 1727 728 1781 duo
778 1726 1000 1793 debiles,
1060 1747 1289 1801 quorum
1338 1731 1473 1784 alter
1520 1749 1678 1803 supra
1717 1728 1945 1783 alterum
1983 1727 2048 1782 si-

381 1841 468 1884 tus
485 1873 499 1897 ,
558 1830 852 1903 conspicui.
947 1828 1008 1884 In
1058 1815 1355 1906 specimine
1401 1833 1638 1887 secundo
1689 1831 1902 1886 articuli
1951 1829 2048 1897 illi,

383 1933 475 2007 qui
520 1933 882 2006 rugaesormes
930 1945 1243 2008 sequuntur,
1301 1935 1538 2009 margine
1589 1935 1799 2009 postico
1839 1934 2049 1999 eodem,

383 2055 492 2109 quo
531 2036 569 2088 ii
609 2036 920 2109 speciminis
960 2037 1169 2110 prioris,
1212 2039 1471 2111 gaudent,
1523 2038 1858 2105 subcuneati,
1895 2036 2053 2094 valde

382 2138 572 2193 breves
612 2148 751 2202 sunt,
815 2139 1142 2212 marginibus
1181 2142 1492 2196 lateralibus
1531 2143 1641 2196 fere
1680 2161 1896 2214 semper
1930 2140 2054 2214 plus

385 2240 634 2295 minusve
672 2242 943 2296 convexis.
1021 2242 1125 2297 Per
1161 2254 1368 2318 partem
1405 2245 1673 2318 posticam
1702 2244 1939 2318 corporis
1970 2243 2055 2297 de-

387 2342 551 2397 currit
587 2343 643 2395 in
682 2344 848 2398 altero
887 2346 1083 2400 vermis
1124 2347 1291 2402 latere
1329 2347 1484 2402 linea·
1521 2347 1791 2402 mediana
1831 2347 2054 2410 elevata,

388 2443 446 2497 in
493 2445 662 2500 altero
699 2447 865 2501 latere
903 2449 1222 2523 plerumque
1263 2451 1542 2524 impressa,
1597 2451 1804 2525 aliquot
1841 2450 1898 2504 in
1938 2450 2058 2504 arti-

344 2617 352 2620 ί
388 2547 525 2602 culis
570 2557 755 2604 tamen
804 2550 1004 2624 pariter
1053 2552 1273 2607 elevata.
1377 2554 1596 2610 Ovaria
1647 2574 1760 2608 non
1806 2552 2058 2608 distincte
2097 2595 2100 2599 .

395 2651 702 2724 conspicua.
767 2651 830 2706 In
868 2655 1166 2728 specimine
1203 2655 1370 2718 tertio
1410 2657 1623 2711 articuli
1661 2657 1790 2712 dicti
1830 2676 1954 2711 cum
1992 2654 2059 2708 iis

389 2753 612 2808 secundi
663 2756 1016 2825 conveniunt,
1067 2759 1213 2813 linea
1261 2769 1442 2814 autem
1489 2749 1736 2815 mediana
1774 2778 1903 2824 nec,
1956 2777 2057 2813 nec

389 2853 566 2908 ovaria
615 2855 989 2930 distinguenda
1038 2871 1176 2918 sunt.
1253 2861 1724 2936 Fragmentorum
1776 2861 2060 2916 amborum

388 2954 599 3010 articuli
650 2977 774 3012 cum
822 2962 1134 3034 speciminis
1185 2966 1408 3019 secundi
1448 2966 1832 3040 posterioribus
1872 2984 2061 3019 conve.

386 3057 560 3126 niunt,
618 3060 723 3115 nisi
771 3063 917 3135 quod
964 3065 1219 3137 marginis
1270 3069 1467 3142 postici
1513 3070 1791 3125 tumiditas
1840 3068 1932 3125 vix
1970 3075 2062 3120 aut

386 3178 675 3234 perparum
714 3173 926 3219 tantum
965 3169 1257 3241 conspicua
1296 3171 1384 3237 sit,
1427 3181 1482 3226 et
1518 3172 1575 3227 in
1611 3171 1894 3247 fragmenti
1920 3162 2060 3245 prio·
2092 3228 2105 3231 -

386 3258 457 3313 ris
506 3261 675 3319 latere
702 3267 891 3329 ‘altero
936 3270 1275 3325 memorabili
1321 3275 1484 3330 modo
1533 3276 1682 3331 duae
1719 3275 1906 3331 lineae
1957 3272 2061 3329 sibi

594 3363 601 3384 t
