2111 3622
964 144 1367 247 ...Μ-ζ

334 329 510 384 rarius.
551 325 1006 400 Helminthologis
1052 326 1308 394 occurrit,
1364 327 1459 401 qui
1516 336 1694 382 autem
1740 336 1993 404 respectu

333 441 670 506 organorum,
720 450 856 505 quae
901 431 1121 498 habitat,
1168 431 1309 484 inter
1345 429 1579 484 maxime
1616 431 1994 486 memorabiles
2036 473 2042 476 -

332 534 659 592 helminthes
706 534 1067 588 numerandus
1125 543 1222 588 est.
1308 531 1501 586 Amico
1558 532 1995 592 aestimatissimo

332 640 496 695 modo
533 638 751 692 laudato
790 637 935 692 enim
973 636 1216 709 contigit,
1255 635 1602 708 Delphinum
1626 634 1998 693 Phoc-aenam

332 743 435 811 bis,
472 741 635 796 Junio
658 759 844 795 mense
873 738 1130 793 nimirum
1156 739 1282 792 anni
1303 738 1671 813 praeterlapsi,
1713 747 1768 794 et
1804 738 1998 794 eodem

333 865 521 902 mense
545 844 671 899 anni
698 843 1013 920 praesentis,
1053 843 1338 907 dissecare,
1379 851 1434 897 et
1459 842 1517 896 in
1541 851 1768 914 utroque
1806 841 2000 897 Stron-

329 949 502 1025 gylos
539 949 784 1023 inflexos
840 947 1098 1002 invenire.
1183 945 1236 999 V
1239 965 1414 1001 ermes
1475 946 1722 1000 inventos
1781 963 2000 1000 mecum

331 1051 598 1107 benevole
637 1050 1070 1117 communicavit,
1113 1069 1407 1123 eorumque
1457 1048 1875 1123 descriptionem
1910 1047 2000 1102 hic

335 1154 621 1224 exhibebO,
660 1164 950 1230 postquam
989 1154 1055 1207 de
1093 1153 1402 1207 habitaculo
1441 1152 1656 1207 locutus
1692 1151 1858 1205 fuero.
1991 1134 1993 1136 .

476 1256 705 1314 Fossam
750 1257 1131 1332 temporalem,
1191 1276 1327 1330 quae
1388 1256 1446 1309 in
1495 1253 1758 1329 Delphini
1808 1252 1999 1329 capitis

335 1371 564 1436 utroque
612 1362 779 1414 latere
831 1360 896 1413 ab
946 1379 1068 1415 osse
1115 1369 1331 1433 petroso
1380 1357 1647 1432 incipiens
1688 1358 1752 1411 ad
1791 1376 1851 1413 os
1890 1376 2002 1410 ma-.

264 1542 266 1550 y
334 1466 530 1520 xillare
571 1463 818 1537 superius
866 1483 924 1518 se
974 1462 1232 1528 extendit,
1281 1462 1473 1535 plexus
1522 1460 1703 1535 explet
1745 1479 1998 1525 venosuS,

337 1589 367 1623 a
414 1587 551 1624 vena
608 1567 839 1640 jugulari
896 1566 1091 1635 oriens.
1179 1563 1333 1619 Hanc
1385 1563 1664 1638 utriusque
1712 1562 1896 1618 lateris
1942 1561 2000 1616 in
2050 1557 2057 1558 7

335 1671 612 1746 Delphino
650 1670 799 1745 prius
840 1671 1072 1724 dissecto
1113 1668 1528 1742 Strongylorum
1574 1666 1731 1740 copia
1768 1665 2001 1721 obsitam

263 1852 266 1854 .
335 1775 635 1831 Anatomus
674 1772 962 1847 gryphicus
1002 1772 1222 1828 invenit.
1297 1771 1359 1825 In
1396 1770 1639 1846 tympani
1689 1789 1837 1836 cave,
1887 1768 1999 1834 ubi,

336 1879 538 1934 nullius
577 1878 711 1932 alius
750 1876 859 1931 loci
897 1876 1086 1951 capitis
1125 1875 1399 1929 mentione
1428 1874 1581 1941 facta,
1622 1874 1754 1929 istos
1791 1891 2001 1927 vermes

339 1983 590 2056 copiosos
646 1989 962 2053 repererunt
1016 1979 1223 2033 Klein
1259 1981 1329 2046 ¹),
1381 1978 1741 2052 campet-2)
1790 1985 1846 2031 et
1898 1974 2002 2030 ΑΖ-

339 2085 452 2139 ber
440 2105 491 2139 s
516 2088 588 2154 3),
635 2102 705 2137 ne
756 2082 977 2136 unicum
1015 2082 1293 2155 specimen
1342 2090 1526 2135 contra
1565 2080 1828 2135 offendit
1879 2077 2002 2132 Cre·

341 2188 500 2242 debat
543 2186 641 2242 Vir
689 2185 1066 2240 celeberrimus
1117 2184 1308 2257 initur,
1359 2183 1516 2237 illum
1563 2202 1731 2238 venae
1778 2181 2003 2255 plexum

337 2290 617 2366 proprium
668 2289 932 2344 vermium
979 2286 1349 2340 habitaculum
1388 2306 1522 2352 esse,
1579 2294 1648 2351 ct,
1689 2285 1737 2340 si
1776 2285 1831 2337 in
1868 2293 2003 2356 tym-

339 2414 482 2469 pano
530 2400 895 2456 occurrerent,
947 2389 1077 2444 illuc
1125 2399 1360 2455 tantum,
1413 2389 1592 2444 forsan
1642 2388 1782 2442 inter
1827 2386 2004 2460 ipsam

339 2479 742 2571 Delpliinorum
780 2493 1179 2559 dissectionem,
1229 2493 1410 2547 locum
1457 2492 1693 2546 natalem
1739 2489 2005 2562 fugientes

342 2601 631 2662 aberrasse,
671 2598 726 2651 id
765 2598 909 2670 quod
949 2616 1046 2668 ego
1088 2597 1262 2650 amico
1303 2596 1597 2650 concedere
1636 2593 1804 2658 nolui,
1844 2592 2003 2646 nixus

342 2705 400 2757 in
440 2701 903 2757 observationibus
954 2699 1211 2753 Virorum
1273 2699 1436 2753 modo
1488 2699 1799 2761 citatorum,
1848 2703 1903 2748 et
1947 2694 2002 2747 in

463 2910 505 2960 1)
536 2915 654 2957 Jac.
702 2910 898 2954 leeod.
932 2909 1108 2951 leezn
1146 2908 1371 2952 Historiae
1406 2910 1479 2969 pis
1462 2908 1603 2950 scium
1642 2902 1860 2948 naturalis
1896 2903 2002 2945 Mis-

346 3003 416 3031 sus
446 2987 480 3027 I.
541 2974 1022 3042 Gedan.17l10.4.p.
1118 2982 1409 3024 .sccundum
1441 2979 1740 3039 sindulphi
1770 2973 2024 3019 Eurozool.

346 3063 382 3104 1
413 3075 458 3120 p
491 3053 562 3099 86.
594 3066 638 3098 et
668 3055 728 3096 II
763 3051 801 3096 1.
834 3069 878 3113 p
913 3049 968 3090 ‘22
974 3051 1012 3093 7

463 3162 509 3213 ζ2)
541 3165 809 3225 Camper,
852 3161 955 3204 Von
997 3158 1312 3203 Kraukhcitcn
1354 3160 1429 3203 dci
1470 3151 1837 3236 Thie1·c.p.47.
1903 3155 2005 3195 Ru:

348 3239 550 3299 dolplzi
580 3235 680 3279 loeo
711 3234 787 3277 cit.
820 3232 1073 3294 posteriori.

464 3342 510 3389 3)
539 3341 837 3401 Rudolplzi
865 3338 974 3383 locis
1005 3340 1166 3382 citatis.
