2111 3622
949 126 1054 205 *-
1136 159 1256 219 118
1339 190 1420 205 -

358 317 572 373 perans,
613 290 790 355 antice
829 298 1104 375 capillare‚
1143 309 1267 354 ante
1303 291 1471 355 finem
1507 299 1779 374 posticum
1812 303 2031 360 tertiam

360 401 538 456 lineae
575 411 784 476 partem
822 402 963 459 circa
989 403 1177 470 latum,
1217 401 1477 469 albidum,
1515 401 1708 476 capite
1743 422 1855 459 non
1890 406 2029 463 bene

363 503 724 579 dijudicabili,
771 506 918 561 collo
944 505 1314 574 brevissimo,
1372 505 1504 561 licet
1559 506 1722 581 paulo
1767 506 2030 582 longiore,

362 611 526 682 quam
561 607 619 662 in
655 607 830 683 primo
865 609 1183 683 specimine,
1221 608 1359 677 viSO,
1397 606 1660 664 articulis
1693 609 1884 684 primis
1921 630 2033 667 non

342 721 474 789 tam
509 710 788 780 brevibus,
836 712 1189 788 sequentibus
1238 712 1436 768 iterum
1476 711 1839 782 subcuneatis,
1876 713 2035 770 valde

362 814 631 882 brevibus,
671 813 765 890 qui
804 816 1046 871 medium
1083 835 1277 891 corpus
1315 835 1426 871 non
1464 813 1813 890 attingebant,
1862 816 2035 872 omni-
2094 809 2096 811 ’

363 917 464 972 bus
501 917 742 992 margine
788 922 1000 996 postico
1047 919 1256 975 tumido
1303 929 1360 976 et
1406 920 1616 994 angulis
1665 919 2035 990 acutiusculis,

360 1021 812 1095 prominentibus.
850 1023 1073 1099 reliquis
1101 1022 1614 1099 subcampanulatis‚
1653 1022 1832 1098 primo
1869 1023 2036 1080 etiam

362 1123 741 1198 perbrevibus,
790 1134 908 1182 tum
956 1126 1162 1184 sensim
1206 1126 1566 1201 longioribus,
1611 1134 1676 1181 ut
1720 1125 1918 1202 reliqui
1954 1125 2033 1181 in-

365 1229 703 1284 tercedentes
747 1229 1020 1303 longiores
1058 1251 1223 1306 quam
1257 1231 1354 1286 lati
1393 1237 1592 1299 essent,
1634 1229 1743 1285 fere
1780 1229 2034 1289 omnibus

365 1330 450 1386 his
489 1332 985 1407 subcampanulatis
1008 1342 1312 1390 transverse
1348 1333 1574 1407 rugosis.
1649 1331 1738 1388 De
1762 1332 2034 1389 foramini·

364 1432 466 1490 bus
503 1433 830 1506 genitalibus
870 1436 1001 1490 certi
1038 1436 1170 1511 quid
1206 1437 1444 1514 proferre
1481 1453 1714 1510 nequeo.

522 1537 770 1593 Tertiam
805 1547 917 1595 tres
954 1539 1183 1613 pollices
1223 1549 1279 1597 et
1309 1549 1432 1596 octo
1459 1539 1631 1596 lineas
1668 1537 1909 1612 longum,
1948 1527 2039 1594 an·

366 1640 782 1716 tice-capillata
830 1644 1040 1716 postice
1087 1643 1251 1698 etiam
1287 1652 1350 1698 ut
1385 1643 1592 1718 priores
1631 1641 1824 1716 exigua
1859 1641 2038 1697 latitu-
2096 1634 2098 1636 ’

366 1744 742 1820 dine,-capite
765 1747 1070 1814 rotundato,
1109 1746 1229 1803 sine
1256 1746 1505 1812 νοεΐεῖἷο,
1542 1745 1654 1802 sere
1689 1745 1837 1801 utin
1870 1744 2038 1819 priori

366 1849 501 1916 νίεο,
541 1831 812 1904 articulis
839 1830 929 1905 bic
965 1851 1262 1925 generatim
1298 1850 1469 1924 magis
1509 1848 1790 1924 elongatis,
1832 1857 1894 1904 ut
1927 1850 2040 1924 jam

367 1952 669 2007 anticorum
707 1953 1161 2011 subcuneatorum
1210 1956 1393 2029 plures
1432 1955 1704 2029 longiores
1742 1968 1908 2027 quam
1941 1949 2040 2009 lati

367 2065 565 2110 essent.
604 2134 607 2135 γ
641 2055 931 2112 Caeterum
961 2058 1316 2114 conveniebat
1353 2077 1477 2113 cum
1504 2057 1646 2116 aliis.
1719 2053 2040 2114 Foramina

274 2191 289 2193 -
366 2156 716 2213 articulorum
762 2158 850 2215 hic
886 2180 1019 2234 vage
1064 2161 1270 2215 alterna
1311 2161 1474 2216 etiam
1511 2160 1749 2229 aderant,
1789 2156 2037 2234 quamvis

367 2279 479 2314 non
515 2261 719 2336 ubique
757 2264 1067 2338 conspicua,
1117 2273 1173 2318 et
1209 2263 1481 2319 interdum
1517 2283 1587 2320 ex
1622 2263 1690 2319 iis
1729 2262 2038 2338 emergebat

367 2362 661 2419 lemniscus
696 2364 1061 2423 brevissimus.

520 2467 798 2540 Quartum
835 2470 1060 2551 paulum
1098 2469 1236 2525 ultra
1274 2469 1513 2545 quinque
1537 2468 1765 2545 pollices
1791 2468 2034 2544 longum,

368 2570 543 2625 antice
583 2573 855 2648 capillare‚
896 2574 1102 2649 postice
1142 2573 1279 2628 circa
1317 2582 1427 2629 tres
1454 2573 1632 2633 lineae
1667 2582 1883 2648 quartas
1918 2593 2035 2648 par-

366 2681 448 2726 tes
492 2673 679 2742 latum,
734 2676 987 2734 albidum.
1081 2676 1275 2752 Caput
1320 2676 1526 2733 fortiter
1578 2676 1921 2752 depressum,
1971 2683 2036 2730 ut

363 2774 526 2849 primi
563 2778 754 2850 quovis
793 2790 1058 2853 respectu.
1135 2779 1215 2833 Ita
1262 2780 1426 2835 etiam
1473 2779 1675 2835 collum
1721 2798 1845 2833 cum
1881 2777 2032 2834 illius

365 2876 507 2931 collo
556 2882 940 2949 conveniebat,
986 2882 1078 2940 vix
1127 2892 1308 2938 {amen
1354 2892 1468 2938 erat
1515 2882 1805 2938 discretum
1852 2889 1910 2937 et
1943 2900 2034 2939 >re-

360 2988 596 3036 trorsum
633 2982 992 3039 decrescebat.
1066 2967 1257 3040 ⁴Etiam
1305 2986 1514 3042 articuli
1563 2984 1861 3058 generatim
1898 3002 2035 3039 cum
2072 2982 2075 2986 ⁸

367 3082 650 3159 descriptis
691 3087 1097 3148 conveniebant.
1135 3068 1414 3156 (Articuli
1447 3084 1910 3165 subcampanulati
1941 3084 2032 3140 hic

364 3194 424 3239 ut
460 3186 518 3242 in
555 3179 693 3243 Ildo‘
717 3199 773 3244 et
809 3188 965 3244 IIltio
1013 3190 1374 3248 subcuneatos
1418 3191 1815 3267 sequebantur.)
1894 3188 2032 3244 Arti-

363 3288 475 3345 culi
521 3292 838 3348 subcuneati
895 3302 1046 3348 erant
1071 3291 1309 3361 breves,
1358 3295 1524 3350 etiam
1576 3278 2030 3370 primi-subcam—
2106 3351 2110 3354 ,
