2111 3622
737 179 1138 239 -59-

103 318 280 373 medio
330 318 388 372 in
446 336 667 392 corpore
724 313 886 373 etiam
943 318 1373 392 conspiciebatur
1431 330 1483 374 et
1541 321 1759 376 demum

100 422 334 496 simplex
390 430 445 476 et
491 431 764 477 tortuosus
812 421 1014 476 collum
1061 420 1402 494 percurrebat
1448 423 1515 475 ad
1557 444 1757 497 porum

94 524 401 598 genitalem
438 544 626 597 usque,
668 525 760 597 qui
798 524 934 578 infra
972 543 1165 598 porum
1205 524 1442 577 anticum
1479 526 1613 580 situs
1655 537 1753 594 est,

99 637 154 681 et
190 647 220 682 e
259 646 368 700 quo
408 627 577 681 semel
616 626 725 682 vidi
764 626 1010 681 Cirrham
1035 635 1338 691 exsertum,
1387 626 1444 679 in
1480 627 1587 682 fine
1627 638 1753 684 atte-

99 739 337 795 nuatum,
372 729 611 797 brevem,
652 739 878 794 rectum,
919 739 1219 804 antrorsum
1267 730 1543 783 directum.
1622 731 1755 786 Ova-

97 831 174 884 ria
220 831 372 887 fusco
423 834 601 886 colore
651 833 714 885 ab
764 832 909 896 oviS,
959 853 1096 906 quae
1144 831 1516 899 includebant,
1565 833 1755 888 effecto

97 933 350 1006 insignita
389 945 553 989 erant.
629 934 769 988 Nam
820 916 944 988 cum
990 935 1165 1007 primo
1217 936 1580 1000 observarem,
1620 935 1755 991 haec

95 1035 345 1091 Distoma
383 1057 553 1111 aquae
594 1037 882 1091 commissa
930 1037 1200 1092 effundere
1249 1038 1475 1091 fluidum
1524 1037 1751 1105 fuscum,

96 1139 295 1193 credidi
331 1138 454 1205 hoe,
493 1139 572 1193 uti
611 1159 640 1192 a
669 1139 920 1193 Distomo
959 1147 1117 1193 ovato
1156 1159 1318 1215 saepe
1356 1141 1464 1194 vidi
1503 1143 1751 1214 ejectum,

93 1240 258 1295 fuisse
296 1251 611 1295 contemum
648 1223 790 1297 vasis
830 1241 1169 1307 alimentarii,
1210 1243 1306 1297 sed
1334 1243 1753 1319 microscopium

93 1343 197 1396 alia
234 1363 322 1398 me
362 1344 560 1408 docuit,
614 1344 741 1398 dum
779 1343 913 1398 mihi
959 1345 1305 1411 monstrabat,
1345 1346 1478 1400 illud
1517 1348 1594 1402 nil
1631 1368 1752 1405 esse

92 1445 196 1502 nisi
232 1447 445 1521 copiam
482 1447 855 1501 incredibilem
891 1447 1178 1501 ovalornm
1228 1448 1591 1519 minimorum,
1632 1452 1750 1508 sub-

93 1548 470 1622 ellipticorum‚
510 1550 702 1624 quibus
741 1549 991 1605 Disloma
1040 1570 1161 1604 mea
1207 1561 1529 1607 scatuerant.
1621 1554 1688 1610 V
1683 1575 1752 1610 as

90 1651 510 1712 alimentarium
544 1652 810 1708 Distomis
840 1653 969 1709 alias
998 1672 1286 1708 commune
1320 1653 1408 1709 hic
1438 1658 1750 1732 conspicere

90 1773 199 1809 non
237 1755 398 1809 valui.

235 1857 462 1913 Vermes
513 1877 616 1932 ope
664 1858 781 1933 pori
832 1858 1019 1924 antici,
1079 1861 1229 1932 cujus
1276 1880 1457 1933 margo
1505 1863 1749 1936 superior

88 1979 131 2015 s.
171 1961 404 2015 anterior
440 1961 585 2015 intus
623 1961 904 2034 paululum
932 1971 1227 2034 protractus
1256 1962 1331 2016 ita
1360 1962 1563 2018 labium
1591 1967 1746 2039 quasi

34 2066 38 2071 '
85 2063 357 2136 peculiare
385 2063 591 2129 format,
605 2064 1203 2120 firmissimeinhaerent
1227 2062 1574 2138 pulmonibus
1595 2069 1745 2137 (lia.

83 2185 196 2220 nae
231 2167 576 2237 esculentae)
591 2187 610 2232 ,·
658 2187 826 2239 aquae
877 2167 1096 2240 frigidae
1144 2167 1375 2224 immissi
1420 2171 1596 2243 primo
1634 2191 1742 2226 rno-

84 2276 172 2322 tus
209 2268 374 2325 fortes
413 2269 592 2337 edunt,
632 2289 761 2324 mox
799 2290 924 2325 vero
963 2271 1332 2342 languescunt.

473 2484 476 2485 ν
508 2446 604 2500 De
640 2446 904 2500 Distomo
942 2447 1194 2521 eleganti
1231 2448 1307 2503 B.

227 2576 296 2629 D.
337 2578 423 2630 21.
463 2576 594 2631 Julii
638 2579 795 2632 1825.
834 2579 890 2632 in
928 2579 1024 2633 int.
1051 2579 1374 2654 Frlngillae
1401 2582 1742 2638 domesticae

84 2679 309 2752 junioris
337 2681 611 2734 Distoma-
648 2681 939 2755 elegantia
979 2692 1189 2757 septem
1230 2683 1446 2750 offendi„
1477 2705 1614 2758 quae
1652 2707 1737 2741 ex-

83 2791 197 2836 acte
236 2776 631 2858 contemplatus
669 2804 806 2852 sum,
859 2795 914 2840 et
958 2786 1015 2840 in
1063 2787 1258 2861 quibus
1304 2788 1448 2842 varia
1495 2808 1619 2842 cum
1658 2790 1736 2843 ill.

80 2885 468 2961 Radolplzii
513 2887 870 2961 descriptione
900 2887 949 2960 ¹),
989 2909 1100 2943 non
1148 2891 1369 2945 omnino
1418 2892 1735 2946 couvenien-

78 2987 183 3054 tia‚
230 2997 392 3062 atque
436 2990 698 3044 nonnulla
755 3011 894 3047 nova
941 2994 1225 3066 conspexi,
1277 3015 1382 3068 qua
1432 3014 1590 3050 causa
1648 2995 1734 3048 de-

79 3076 424 3166 scriptionem
463 3112 651 3148 eorum
688 3104 989 3152 accuratam
1025 3095 1307 3171 proferam.

192 3318 235 3370 1)
265 3323 500 3369 Entozool.
530 3326 590 3369 ΙΙ.
626 3322 664 3371 1.
694 3286 741 3388 p.
770 3321 873 3372 375.
