2111 3622
714 153 951 250 ..2⁶29
1036 226 1111 238 .-

86 332 319 387 maribus
359 341 564 386 exserta
601 332 760 385 eliam
799 332 974 404 longa,
1023 349 1296 403 nunquam
1348 341 1525 387 autem
1565 342 1730 400 tanta,

84 452 244 507 quam
282 434 337 487 in
377 434 717 488 Asearidibus
759 433 1054 507 descriptis,
1108 433 1238 485 licet
1276 429 1447 486 adhuc
1493 434 1732 507 longiora

80 536 376 602 videantur,
424 556 588 609 quam
634 536 724 589 illa
770 537 828 590 in
864 535 1020 590 icone
1058 533 1562 588 Bremseriana
1599 537 1734 609 (Fig.

83 639 154 708 6.)
193 647 246 692 et
282 648 540 691 structura
581 638 909 693 conveniunt
947 658 1069 692 cum
1108 647 1263 691 antea
1303 636 1598 709 descriptis.

226 739 364 793 Cum
403 740 639 815 corporis
689 740 1010 795 anteriorem
1047 748 1254 814 partem
1299 739 1356 793 in
1394 740 1541 813 prius
1580 739 1734 795 dictis

80 842 412 916 spiculigeris
461 863 727 917 nusquam
788 843 883 896 tali
938 843 1100 897 modo
1151 841 1460 897 annulatam
1503 842 1732 910 videam,

81 955 241 1018 caput
289 946 449 999 etiam
497 945 552 998 in
599 944 684 998 his
723 944 902 999 minus
942 945 1013 999 sit
1049 964 1146 1017 pro
1178 944 1424 1017 portione
1477 946 1732 1019 corporiS,

80 1067 244 1119 quam
280 1047 336 1100 in
374 1048 440 1101 iis
479 1066 508 1100 e
547 1046 872 1120 Podicipede
918 1046 1151 1109 minore,
1202 1065 1299 1119 pro
1345 1056 1586 1120 tempore
1636 1049 1734 1102 sal·

77 1157 190 1203 tem
226 1157 478 1221 utrasque
525 1150 846 1221 conjungere
890 1147 1111 1202 nollem.
1186 1147 1503 1203 Differentia
1541 1150 1734 1207 coloris

77 1251 240 1304 etiam
275 1251 507 1303 notanda
550 1259 664 1319 est3
714 1251 933 1305 interim
980 1250 1462 1308 desideratissimus
1515 1252 1732 1308 Brem-

75 1371 184 1406 ser·
212 1351 334 1406 Asc.
362 1351 708 1426 spiculigeras
736 1353 986 1408 candidas
1025 1352 1282 1408 exhibuit.
1339 1353 1580 1409 Demum
1605 1376 1733 1411 vero

79 1473 183 1508 nec
245 1454 550 1509 habitaculo
603 1456 956 1524 conveniunt,
1025 1475 1146 1511 cum
1197 1457 1410 1513 Ascaris
1456 1456 1733 1534 Podicipe·

77 1557 158 1612 dis
197 1557 267 1612 sit
302 1557 638 1614 intestinalis.
662 1561 703 1628 1)

524 1736 620 1790 De
657 1735 938 1791 Ascurida
974 1733 1274 1792 Lavamli.

219 1866 536 1920 Sulmonem
572 1865 922 1922 Lavaretnm
961 1877 1053 1921 aut
1090 1876 1281 1934 toturn,
1335 1878 1426 1923 aut
1462 1869 1575 1924 sola
1615 1871 1729 1943 ejus

75 1969 430 2022 ventriculum
481 1978 535 2022 et
588 1969 863 2036 inteslina3
911 1970 1097 2043 primis
1146 1970 1269 2023 anni
1320 1971 1487 2024 tribus
1534 1971 1728 2026 mensi-

72 2070 173 2125 bus
210 2079 308 2135 ter,
347 2071 582 2125 secundo
622 2073 746 2126 anni
785 2072 1076 2146 quadrante
1115 2071 1215 2138 bis,
1255 2073 1413 2127 tertio
1453 2083 1640 2146 quater
1677 2084 1731 2129 et

5 2246 10 2252 ι
71 2182 261 2246 quarto
307 2172 525 2227 demum
570 2175 856 2229 duodecies
892 2184 1252 2250 perscrutatus
1290 2195 1438 2244 sum,
1477 2185 1532 2231 et
1567 2177 1623 2231 in
1664 2196 1728 2232 eo

72 2275 292 2349 quidem
328 2275 411 2330 bis
456 2277 612 2331 tertio
653 2278 945 2351 quadrante
993 2288 1046 2331 et
1091 2288 1278 2352 quater
1326 2288 1515 2352 quarto
1556 2280 1728 2335 Asca-

71 2377 224 2431 rides
277 2379 452 2450 reperi
511 2380 782 2433 Ascaridi
849 2380 1335 2436 obtusocaudalae
1389 2382 1644 2436 Zederi
1683 2386 1725 2453 2)

190 2569 232 2619 1)
263 2573 319 2614 In
347 2573 503 2616 Museo
535 2575 780 2619 Viennensi
809 2575 1051 2619 secundum
1083 2575 1147 2618 ill.
1178 2577 1480 2638 Radolplzi
1518 2577 1723 2639 (Synops.

69 2661 116 2705 p.
146 2638 217 2687 55.
247 2660 292 2688 n.
324 2638 417 2693 97.)
457 2657 501 2689 et
539 2645 595 2689 cl.
650 2648 982 2692 VVescrumb
1020 2647 1104 2695 (De
1150 2648 1295 2691 Helm.
1335 2648 1511 2692 acanth.
1548 2667 1594 2710 p.
1635 2647 1725 2699 75.)

68 2712 321 2761 Ascarides
357 2715 558 2766 (dubiae)
610 2730 932 2763 conservantur
967 2721 1018 2763 in
1058 2720 1141 2763 int.
1183 2720 1515 2782 Podicipedum
1554 2726 1725 2775 aurici,

3 2812 6 2820 ¹
66 2793 262 2841 cornuti,
293 2792 493 2839 cristati,
524 2802 570 2833 ec
598 2793 797 2836 minoris
825 2802 1032 2854 repertae,
1065 2808 1179 2854 quae
1210 2792 1359 2835 forsan
1378 2790 1467 2836 huc
1486 2795 1722 2854 pertineat.

68 2860 138 2904 Cl.
169 2859 225 2903 N
229 2872 465 2906 aecer-er
495 2863 632 2906 etiam
670 2863 721 2906 in
751 2865 1042 2926 Podicipedis
1080 2864 1313 2927 cujusdam
1350 2864 1627 2908 Brasiliensis
1658 2867 1726 2909 in-

68 2930 244 2976 testinis
278 2933 471 2979 offendit
499 2934 757 2979 Ascaridem
793 2935 1043 2997 parvulam,
1088 2954 1225 2997 quam
1265 2937 1564 2998 Rudolplzi
1604 2937 1652 2985 (l.
1684 2955 1719 2981 c.

66 3020 111 3065 p.
143 3000 265 3056 664.)
294 3004 408 3050 dicit
445 3024 533 3051 csse
572 3007 833 3056 femineam,
885 3009 1088 3069 quinque
1125 3008 1263 3051 lineas
1301 3006 1498 3064 longam,
1540 3011 1723 3052 crassiu-

66 3075 248 3127 sculam,
289 3077 485 3123 valvulis
521 3079 772 3128 distinctis,
802 3095 986 3141 corpore
1016 3091 1259 3124 retrorsum
1287 3080 1524 3129 crassiore,
1556 3082 1720 3124 caudae

65 3149 192 3207 apice
221 3149 365 3199 brevi,
395 3162 539 3201 acuto,
577 3161 681 3193 ante
722 3167 855 3211 quem
891 3167 994 3195 ano.
1053 3153 1183 3197 Aliae
1220 3151 1452 3196 Ascaridcs
1488 3151 1718 3212 Podicipe-

66 3218 175 3263 dum
205 3236 263 3265 ex
292 3221 515 3266 intestinis
535 3221 776 3282 hucusque,
807 3234 1029 3284 quantum
1048 3225 1155 3273 scio,
1188 3232 1456 3268 memoratae
1485 3239 1578 3265 non
1598 3235 1714 3268 sunt.

179 3317 225 3370 2)
256 3322 361 3369 Vid.
391 3321 544 3383 hujus:
573 3325 721 3368 Erster
749 3322 987 3384 Nachtrag.
1019 3340 1064 3389 p.
1097 3320 1167 3367 55.
1197 3341 1288 3385 seq.
