2111 3622
967 187 1374 246 ...4.-

337 357 507 394 atnam
554 331 827 408 conspexi.
912 324 1152 384 Canalis
1199 322 1598 379 alimentarias
1622 320 1712 376 -..in
1769 321 2006 376 maribus

341 413 609 496 interdum
649 436 829 490 colore
868 429 1164 503 sanguineo
1206 426 1515 481 translucet.

488 542 571 595 Ill.
599 539 792 596 Rndo
805 535 954 609 lplzi
984 537 1023 603 ¹)
1055 542 1109 585 et
1147 530 1213 584 cl.
1248 525 1643 585 I'Vestrumb
1668 527 1710 595 ²)
1737 526 2010 601 Spiropte-

347 667 463 703 ram
509 644 741 716 allegant
788 639 1033 693 Viennae
1081 635 1221 687 inter
1269 630 1459 685 Anatis
1519 629 1758 703 glacialis
1803 630 2012 686 tunicas

349 746 633 806 ventriculi
691 742 862 800 semel
916 747 1213 813 repertam,
1274 754 1411 808 quae
1460 732 1631 807 hujus⁴
1667 732 1869 806 speciei
1914 732 2013 785 for-

353 872 450 908 san
489 859 587 905 est.
636 885 639 887 -
669 878 671 880 v

497 951 596 1006 His
647 947 966 1021 conscriptis
1015 945 1080 999 cl.
1132 939 1533 998 Rosentkal
1579 938 1753 992 adhuc
1801 957 2017 992 mecum

356 1053 771 1113 communicavit
809 1049 1085 1123 complura
1132 1044 1428 1119 specimina
1474 1043 1614 1096 inter
1649 1042 1858 1096 tunicas
1894 1061 2017 1096 ven-

354 1159 533 1215 triculi
571 1154 782 1212 Anatis
819 1150 1124 1225 clangulae
1160 1146 1451 1201 Februario
1501 1154 1556 1199 et
1591 1144 1781 1218 ,Mer-gi
1823 1143 2019 1198 Serra-

356 1261 497 1318 toris
532 1258 725 1312 Martio
781 1257 917 1309 1827
968 1254 1025 1306 in
1062 1251 1268 1305 theatro
1309 1248 1613 1302 anatomico
1651 1246 1908 1322 gryphico
1944 1268 2022 1301 re·

357 1373 525 1440 perta.
600 1358 796 1414 Omnia
845 1364 995 1410 erant
1033 1353 1282 1418 feminea,
1331 1360 1558 1425 excepto
1596 1349 1808 1423 singulo
1847 1349 2021 1422 singu-

360 1467 448 1520 lae
493 1463 679 1518 turbae
727 1459 878 1513 mari.
954 1455 1242 1510 Mediocris
1290 1453 1671 1525 magnitudinis
1726 1462 1890 1506 erant.
1962 1451 2023 1505 In

359 1565 743 1643 compluribus,
793 1558 1110 1636 praesertim
1157 1555 1455 1631 junioribus
1503 1575 1533 1608 e
1571 1552 1772 1628 Mergo,
1813 1556 2057 1628 corpus(

359 1672 490 1730 licet,
522 1668 731 1744 postice
770 1666 1138 1724 incrassatum,
1177 1659 1283 1712 hoc
1322 1659 1499 1712 minus
1540 1667 1668 1724 erat,
1709 1657 1855 1712 acin
1895 1657 2025 1712 alias

288 1806 290 1808 ·
363 1772 677 1836 observatis,
717 1768 880 1822 etiam
917 1763 1207 1837 majoribus
1247 1762 1487 1835 ejusdem
1524 1761 1729 1826 turbae,
1770 1770 1824 1814 et
1860 1761 2028 1813 cauda

362 1859 527 1951 paulo
563 1873 734 1946 magis
773 1877 1043 1924 attenuata
1073 1875 1130 1920 et
1165 1864 1344 1918 minus
1381 1864 1665 1918 rotundato
1704 1863 1828 1929 fine,
1866 1882 2029 1936 quam

365 1972 423 2023 in
472 1969 712 2025 caeteris,
789 1971 1019 2026 Marium
1058 1968 1225 2022 cauda
1265 1968 1426 2021 etiam
1465 1967 1552 2021 hic
1590 1966 1905 2041 simpliciter
1940 1966 2028 2025 sse-

365 2090 451 2138 xa‚
492 2069 590 2125 alis
630 2069 697 2122 ad
735 2073 943 2146 apicem
979 2091 1154 2144 usque
1191 2070 1674 2144 progredientibus.

373 2244 808 2303 Observationes
855 2266 1039 2301 novae
1092 2247 1162 2301 de
1198 2245 1536 2320 Spiroptera
1584 2242 1853 2300 obvelata
1890 2264 1960 2298 m.
1989 2246 2031 2313 3)

512 2388 583 2445 D.
631 2393 717 2447 20.
767 2391 921 2445 Febr.
971 2392 1107 2447 1827
1160 2391 1393 2447 dissecui
1445 2391 1690 2454 Larum,
1737 2389 2033 2445 minoribus

370 2494 454 2548 sui
502 2494 713 2567 generis
761 2494 1249 2561 adnumerandum,
1314 2496 1381 2549 de
1428 2497 1580 2567 cujus
1626 2494 1813 2568 specie·
1855 2503 2035 2547 autem

369 2614 478 2649 non
516 2596 654 2651 bene
701 2598 934 2669 judicare
971 2599 1156 2664 vale0,
1209 2617 1333 2652 cum
1369 2598 1652 2652 vellicatus
1691 2606 1852 2660 esset,
1893 2605 2034 2649 ante-

373 2718 536 2771 quam
570 2697 676 2752 hoc
713 2710 961 2774 respectu
999 2720 1125 2754 eum
1178 2701 1336 2773 potui
1382 2700 1703 2755 examinare.
1777 2698 1839 2752 In
1876 2697 2036 2771 hujus

372 2799 681 2874 oesophago
727 2803 901 2877 reperi
947 2822 1128 2868 unam,
1178 2803 1235 2855 in
1282 2784 1680 2877 proventriculo
1731 2795 2037 2875 complures

374 2902 743 2976 Spiropteras
779 2902 1099 2968 obvelatus,
1140 2906 1351 2978 egregie
1390 2904 1707 2980 pellucidam,
1755 2904 1947 2958 decem
1985 2911 2038 2958 et

372 3023 570 3061 novem
606 3003 851 3069 feminas,
892 3016 1000 3060 tres
1028 3026 1217 3062 mares.
1295 3008 1566 3076 Quoniam
1590 3007 1869 3081 hucusque
1898 3005 2061 3059 hanc⁴

488 3222 532 3275 1)
560 3227 750 3289 Synops.
783 3243 830 3289 p.
863 3225 933 3270 29.
1112 3224 1160 3275 2)
1189 3228 1257 3271 De
1288 3227 1434 3274 Helm.
1474 3222 1798 3291 acanthoceph.
1827 3242 1874 3289 p.
1906 3220 1978 3269 76.

485 3323 534 3375 3)
562 3328 669 3375 Vid.
702 3327 828 3372 Obss.
859 3341 1058 3372 mearum
1089 3327 1145 3371 de
1174 3329 1333 3372 Entoz.
1365 3331 1413 3374 Ρ.
1446 3331 1481 3374 Ι.
1524 3346 1571 3392 p.
1610 3328 1676 3375 10.
