2111 3622
671 199 1110 291 -7113-

53 359 216 394 unam
275 339 608 414 eandemque
663 339 726 393 ab
774 338 1000 413 utroque
1050 338 1370 412 descriptam
1422 361 1540 397 esse
1587 361 1702 415 spc-

53 442 206 496 ciem.
284 441 517 496 Omnino
555 441 689 495 hacc
724 441 907 508 vari-at,
955 440 1036 494 uti
1073 440 1152 493 ill.
1189 440 1547 514 Raclolplzi
1584 445 1702 497 con-

54 545 248 609 tendit,
306 545 618 617 valdopere,
676 543 771 598 sed
810 543 1016 609 omnia,
1077 562 1214 616 quae
1276 522 1373 616 ego
1422 543 1699 619 hucusque

52 646 349 702 examinavi
398 648 513 718 ejus
559 646 878 720 specimina,
934 645 992 700 in
1040 664 1105 699 eo
1152 646 1504 713 conveniunt,
1561 650 1702 719 quod

50 758 209 822 caput
256 748 576 802 instructum
613 749 682 803 sit
717 748 940 802 rostello
984 777 1059 789 —
1106 748 1153 802 si
1192 752 1462 803 exsertum
1501 758 1585 803 est
1630 780 1704 790 -

48 850 398 916 crassissimo‚
437 849 601 915 brevi,
643 849 842 903 collum
877 851 1033 905 valde
1071 851 1247 918 breve,
1290 861 1344 905 et
1374 851 1583 905 articuli
1612 872 1702 926 po-

45 954 169 1009 stici
204 954 439 1017 maxime
478 952 731 1025 elongati,
773 962 863 1006 aut
890 953 1240 1020 sublincare8‚
1279 962 1370 1006 aut
1397 973 1559 1027 saepe
1585 955 1703 1008 sub-

45 1056 386 1131 pyriformes‚
423 1055 588 1109 medii
627 1074 754 1109 vero
792 1063 848 1110 et
884 1055 1077 1129 postici
1108 1056 1167 1125 (ii
1193 1076 1355 1130 saepe
1383 1056 1702 1126 distinctius)

45 1157 393 1212 foraminibus
433 1156 753 1229 genitalibus
792 1156 1172 1229 marginalibus
1210 1178 1342 1231 vage
1381 1158 1598 1212 alternis
1628 1159 1703 1213 in-

44 1260 231 1317 structi
270 1259 393 1324 sint,
434 1257 562 1311 dum
600 1258 778 1314 ovaria
815 1258 924 1314 fere
962 1279 1228 1334 nusquam
1261 1259 1323 1314 -in
1356 1270 1703 1334 conspectum

43 1362 281 1419 veniunt.

189 1463 378 1519 Inveni
414 1464 530 1538 ipse
560 1463 818 1518 Taeniam
846 1464 1159 1537 globiseram
1188 1466 1241 1518 in
1274 1465 1541 1520 intestinis
1568 1465 1701 1522 Fal-

44 1568 198 1623 conis
235 1566 557 1639 aeruginosi
604 1566 653 1620 d.
692 1567 778 1620 ⁶28.
817 1565 965 1619 Junii
1008 1568 1162 1621 1822.
1203 1577 1258 1621 et
1294 1567 1360 1621 F.
1399 1567 1706 1622 Albia-illae

45 1670 95 1724 d.
149 1671 229 1725 1⁶2.
279 1667 408 1741 Maji
460 1668 615 1722 1824.
711 1667 989 1723 Praeterea
1048 1670 1349 1724 examinavi
1408 1670 1703 1744 specimina

45 1793 74 1826 a
131 1770 561 1843 Schillingio
624 1772 680 1825 in
741 1771 1005 1826 intestinis
1061 1772 1331 1826 Falconis
1387 1774 1591 1845 qranei
1651 1773 1702 1827 d.

43 1875 130 1929 24.
170 1874 350 1927 Octbr.
394 1874 548 1926 1823.
623 1873 893 1927 Falconis
930 1874 1202 1928 Buteonis
1240 1875 1287 1928 d.
1330 1877 1416 1928 22.
1458 1874 1609 1928 Febr.
1650 1885 1704 1930 et

41 1979 129 2033 23.
167 1977 295 2050 Apr.
338 1976 494 2029 1827.
544 1985 597 2030 et
636 1975 905 2029 Falconis
942 1973 1055 2049 rifi
1094 1977 1140 2032 d.
1184 1979 1265 2032 10.
1305 1976 1432 2050 Maji
1474 1980 1538 2051 ej.
1579 1978 1702 2032 anni

39 2088 265 2153 reperta.
323 2077 563 2150 ¹Singula
604 2078 929 2139 describam:

188 2183 239 2250 1)
288 2179 599 2254 Specimina
651 2201 679 2234 e
718 2180 969 2235 Falcone
1005 2181 1338 2254 aeruginoso
1388 2191 1515 2237 snut
1563 2202 1702 2236 com-

41 2285 211 2359 plura,
252 2283 463 2338 candidi
504 2282 714 2349 coloris,
756 2303 910 2356 quac,
951 2282 1079 2337 licet
1117 2303 1146 2336 a
1185 2303 1271 2337 me
1311 2284 1429 2358 ipso
1469 2285 1700 2350 inventa,

40 2397 223 2441 tamen
262 2386 500 2439 defectus
540 2384 795 2458 temporis
837 2403 942 2438 non
995 2385 1127 2439 mihi
1177 2386 1411 2440 recentia
1451 2387 1702 2460 permisc-

39 2499 120 2544 rat
158 2488 479 2543 examinare.

186 2589 505 2663 Longitudo
557 2589 620 2642 ab
669 2588 876 2662 aliquot
913 2589 1197 2663 pollicibus
1235 2609 1406 2664 usque
1446 2592 1511 2645 ad
1552 2592 1701 2666 quin-

43 2694 219 2748 decim
265 2693 353 2748 vel
400 2691 637 2747 sedecim
685 2701 890 2765 aequat.
966 2692 1158 2747 Antice
1195 2692 1461 2748 filiformia
1499 2694 1704 2750 sensim

42 2797 108 2851 ad
143 2792 321 2852 lineae
359 2794 717 2850 latitudinem
752 2794 807 2847 in
847 2794 953 2849 fine
992 2796 1202 2868 postico
1241 2805 1488 2852 crescunt

187 2900 298 2955 Sex
335 2898 632 2974 specimina
671 2897 844 2970 capite
874 2897 1125 2970 gaudent,
1165 2898 1449 2973 hujusque,
1491 2919 1706 2971 semper

45 3000 242 3074 exigui,
298 3001 464 3055 forma
505 3001 710 3054 diversa
750 3010 844 3055 cst.

152 3103 206 3176 a)
262 3104 449 3176 Caput
495 3103 787 3168 cordatum,
846 3123 969 3158 cum
1017 3103 1223 3159 rostelli
1265 3103 1581 3158 crassissimi
1619 3122 1705 3158 ve-

259 3205 417 3278 stigio
459 3214 778 3278 emergente.

150 3307 206 3376 b)
255 3309 444 3383 Caput
493 3318 790 3363 antrorsum
827 3312 1179 3373 attenuatum,
1239 3306 1467 3362 rastello
1506 3306 1702 3361 brevis-

1320 3407 1368 3462 H
