2111 3622
713 158 1114 218 ...27-

85 322 244 378 saepe
281 303 339 356 in
377 302 636 356 annulum
673 300 946 355 incurvata
985 306 1084 365 est,
1126 297 1423 371 eodemque
1472 300 1633 355 modo
1680 300 1738 354 in

83 406 430 462 Bremseri
467 404 580 477 Fig.
610 405 659 458 6.
695 403 989 464 exhibetur.
1064 400 1299 474 Spicula
1319 400 1604 474 genitalia
1632 422 1738 455 ma-

2 528 9 532 '
82 509 221 564 rium
259 507 542 582 chclolp
558 507 630 561 lzi
655 507 899 561 nominat
926 503 1258 579 longissima,
1299 522 1589 575 eorumque
1628 505 1738 558 lon-

83 611 378 684 gitudinem
428 610 558 665 duas
605 611 787 664 tertias
836 609 1012 663 lineae
1068 616 1247 682 partes
1295 598 1524 679 aequare
1571 607 1737 673 affert,

83 715 271 770 sedin
319 714 454 768 meis
505 714 678 766 multo
731 711 970 785 longiora
1027 719 1180 776 sunt,
1233 717 1379 763 certo
1440 707 1645 781 aliquot
1681 708 1739 762 li-

81 837 210 872 neas
247 816 423 889 longa.
500 816 597 871 Vir
633 815 1026 870 illustrissimus
1065 831 1222 887 porro
1263 811 1418 865 dicit:
1460 811 1739 881 „Quodvis

85 920 396 993 (spiculum)
443 929 593 993 parte
643 918 797 992 quasi
845 901 1045 990 duplici
1097 916 1199 971 sibi
1246 914 1514 988 apposita,
1575 914 1741 969 altera

40 1039 43 1043 ·
83 1022 323 1076 tenuiore
363 1031 416 1075 et
452 1041 740 1094 parumper
776 1020 1035 1091 longiore,
1087 1018 1252 1071 altera
1299 1016 1490 1070 latiore
1538 1026 1593 1070 et
1629 1018 1741 1071 bre-

82 1126 228 1180 viore
269 1128 531 1178 constat.“
607 1122 848 1176 Partium
898 1130 1078 1175 autem
1123 1119 1311 1173 harum
1360 1120 1636 1174 ambarum
1673 1120 1744 1173 al-

81 1236 192 1281 tera
229 1226 439 1282 brevior
478 1235 560 1280 est
596 1225 803 1298 vagina,
845 1227 996 1299 cujus
1035 1224 1185 1278 lateri
1218 1223 1369 1278 alteri
1410 1223 1618 1297 adjacet
1654 1244 1742 1298 pc-

81 1329 183 1396 niS‚
234 1329 328 1403 qui
378 1337 460 1384 est
508 1349 630 1402 pars
677 1329 770 1382 illa
818 1327 1056 1401 longior,
1107 1327 1232 1400 quia
1278 1326 1430 1401 apice
1478 1346 1506 1381 e
1554 1328 1746 1399 vagina

81 1432 363 1506 prominet.
461 1431 668 1486 Tabam
717 1432 839 1486 Asc.
902 1432 1200 1503 variegatae
1247 1429 1522 1483 cibarium
1570 1440 1745 1485 narrat

43 1533 443 1617 'szdolplzi
491 1555 610 1590 esse
658 1535 870 1590 fuscum
910 1544 962 1588 et
1009 1533 1286 1588 oviduetus
1340 1532 1490 1587 albos
1542 1533 1744 1603 circum

85 1658 211 1693 eum
257 1657 377 1694 esse
425 1638 657 1693 volutos.
741 1638 924 1694 Etiam
969 1637 1027 1692 in
1075 1635 1320 1691 femineis
1380 1636 1515 1691 meis
1566 1638 1744 1692 ovaria

84 1741 187 1796 isto
239 1741 419 1795 colore
467 1741 852 1797 translucentia
904 1740 1196 1795 observavi.
1291 1738 1420 1794 Ova
1463 1738 1744 1814 hucusque

85 1863 195 1898 non
232 1843 367 1898 mihi
408 1843 633 1918 contigit
680 1843 878 1900 videre.
952 1842 1112 1912 Quod
1162 1842 1384 1896 demum
1431 1841 1498 1894 ad
1544 1843 1745 1916 magni-

83 1946 328 2001 tudinem
364 1946 553 2000 harum
592 1945 908 2002 Ascaridum
946 1946 1156 2011 attinet,
1195 1944 1485 2017 longitude
1523 1945 1746 2000 maximi

83 2048 395 2123 speciminis
434 2049 681 2115 feminei,
715 2049 869 2122 ‘quod
909 2048 1176 2122 possideO,
1219 2046 1429 2100 circiter
1467 2049 1746 2121 septende-

85 2152 191 2206 cim
228 2151 416 2218 lineas,
456 2152 617 2207 maris
646 2153 868 2206 maximi
890 2151 1028 2206 ultra
1047 2151 1309 2226 pollicem
1339 2160 1547 2224 aequat.
1622 2152 1746 2207 Iz'zc-

85 2254 327 2330 dolphi
363 2255 653 2309 maximam
694 2253 1572 2330 spiculigerarunilongitudinem
1612 2255 1745 2312 duos

85 2357 311 2431 pollices
351 2368 404 2412 et
439 2358 832 2431 longitudinem
869 2358 993 2413 Asc.
1041 2357 1341 2430 variegatae
1390 2357 1579 2411 unicae
1620 2379 1649 2412 a
1686 2379 1745 2414 se

86 2470 326 2533 repertae
355 2460 799 2533 sesquipollicem
828 2481 1056 2534 aequare
1086 2460 1260 2514 refert.
1338 2459 1631 2534 Utramque
1655 2483 1745 2516 no-

86 2563 254 2617 minat
292 2563 717 2618 crassiusculam.

231 2665 718 2740 Helminthologos‚
760 2666 904 2740 quod
942 2665 1131 2739 scripsi
1171 2665 1328 2729 lecto,
1380 2685 1532 2719 meae
1572 2687 1746 2722 assen-

87 2789 239 2824 suros
280 2789 398 2824 esse
427 2769 688 2845 opinioni,
730 2770 875 2843 quod
905 2769 1078 2822 dictae
1105 2768 1387 2823 Ascarides
1426 2772 1747 2844 conjungan-

86 2881 187 2938 tur,
226 2893 400 2946 spero.
471 2873 786 2929 Ascaridem
806 2872 1182 2947 spiculigeram
1212 2871 1747 2927 Pelecanorumhuc-

88 2994 260 3048 usque
307 2997 417 3030 non
454 2978 593 3044 vidi,
643 2976 739 3032 sed
777 2976 1075 3031 secundum
1114 2974 1499 3048 descriptiones
1550 2985 1604 3030 et
1640 2977 1744 3030 ico-

87 3098 185 3131 nes
241 3060 463 3133 dehac
519 3080 666 3133 datas
731 3099 847 3133 rem
900 3078 1252 3153 plausibilem
1306 3078 1501 3132 habere
1558 3079 1743 3132 debeo.

86 3180 429 3236 Conveniunt
477 3202 664 3237 omnes
714 3181 813 3237 hae
854 3181 1136 3237 Ascarides
1177 3181 1339 3236 etiam
1378 3189 1627 3253 respectu
1667 3202 1743 3236 or-
