2111 3622
972 201 1376 259 -28—

343 360 603 414 ganorum
653 360 681 393 a
729 360 787 396 se
836 339 1226 407 habitatorum,
1286 359 1424 414 quae
1472 350 1597 395 sunt
1643 341 2001 416 oesophaguS,

340 443 770 519 proventriculus
810 453 863 498 et
898 445 1227 500 ventriculus
1267 443 1447 498 avium
1486 444 1819 518 aquatilium.

485 547 724 602 Incertus
777 555 960 601 contra
1009 566 1157 613 sum,
1204 555 1386 601 utrum
1435 546 1541 601 huc
1589 546 1846 614 reseram,
1900 566 2003 602 nec

340 671 428 719 ne,
467 650 750 706 Ascarides
799 650 959 715 alias,
1007 670 1138 723 quas
1185 650 1242 703 in
1287 650 1384 704 int.
1435 649 1802 725 Podicipedis
1821 652 1863 720 1)
1908 650 2002 703 mi-

341 755 496 810 noris
532 753 759 809 masculi
808 753 1018 827 juvenis
1043 752 1287 826 Augusto
1325 755 1467 809 1826
1507 773 1609 806 am.
1647 753 1696 808 S
1703 751 2004 825 chillz‘ng

340 858 560 913 invenit.
636 857 789 926 Quae
839 876 906 910 ex
952 855 1036 911 his
1085 855 1219 910 mihi
1268 878 1297 911 a
1347 854 2004 925 cl;.IIor²nsclzuclzio

342 963 570 1017 donatae
618 970 760 1026 sunt,
810 960 988 1014 denuo
1037 969 1226 1014 exacte
1280 959 1601 1014 examinavi.
1691 958 2005 1032 Specimiua

340 1064 551 1138 egregie
589 1073 898 1119 conservata
937 1066 1045 1137 jam
1084 1062 1266 1118 colore
1305 1063 1528 1118 albo‘se
1568 1061 1903 1135 distinguunt
1939 1061 2005 1115 ab
2049 1070 2056 1078 '

340 1167 686 1224 Ascaridibus
733 1166 895 1220 modo
946 1163 1255 1240 descriptis,
1315 1187 1453 1242 quae
1502 1185 1690 1220 omnes
1738 1166 1863 1240 plus
1910 1164 2005 1218 mi-

340 1292 509 1328 nusve
558 1269 1111 1336 subfusco-sordidae,
1154 1279 1224 1336 et,
1285 1270 1331 1325 si
1378 1269 1590 1324 albidae
1637 1268 1801 1323 etiam
1847 1268 2005 1322 inler-

341 1377 486 1442 dum,
526 1393 803 1446 nunquam
841 1392 974 1446 pure
1004 1373 1155 1427 albae
1183 1383 1323 1428 suni.
1398 1371 1832 1446 Loaezgitudinem
1862 1370 2008 1425 haud

340 1480 478 1533 bene
531 1475 741 1549 emetiri
779 1475 940 1540 valui,
994 1495 1118 1529 cum
1155 1495 1365 1531 vermes
1413 1476 1560 1530 vario
1598 1475 1763 1529 modo
1803 1475 2007 1529 curvati

342 1591 395 1637 et
442 1580 598 1654 rigidi
645 1578 809 1633 simul
857 1578 979 1632 sint.
1070 1577 1280 1634 Tamen
1340 1587 1394 1634 et
1440 1582 1671 1652 majores
1729 1576 2033 1647 (feminae)

340 1686 600 1762 pollicem
645 1682 734 1737 vix
784 1682 1059 1754 atliugau’t.
1149 1683 1339 1756 Capua
1387 1683 1442 1736 in
1489 1682 1555 1738 iis
1602 1681 1766 1756 paulo
1814 1682 2006 1754 majuS,

340 1789 578 1863 corporis
616 1786 722 1841 fine
761 1786 853 1841 vix
891 1796 979 1838 aut
1017 1785 1210 1839 saltem
1236 1805 1524 1860 perparum
1562 1785 1859 1858 angustius,
1899 1783 2006 1838 val-

339 1893 480 1948 vulis
525 1890 853 1956 rotundaiis,
917 1887 1248 1963 epidermide
1298 1889 1460 1944 etiam
1507 1888 1848 1964 mareina‘tiffi
1899 1889 2009 1961 jam

339 1997 487 2051 lente
527 1993 691 2048 debili
739 1992 896 2046 facile
947 1991 1281 2065 conspicuis,
1327 1993 1587 2048 discretis.
1666 1993 1882 2065 Corpus
1919 2010 2008 2064 po-

341 2099 476 2156 stice
525 2097 754 2152 crassius
804 2115 965 2168 quam
1012 2096 1217 2163 antico,
1280 2095 1407 2149 inde
1461 2116 1488 2148 a
1541 2095 1716 2168 capite
1766 2095 1832 2148 ad
1878 2094 2008 2150 satis

339 2221 596 2276 magnum
644 2198 879 2271 spatium
933 2217 1120 2270 grosso
1178 2199 1341 2252 modo
1403 2199 1745 2265 annulatum,
1803 2196 2011 2270 reliqua

319 2326 466 2381 *pars
511 2304 568 2357 in
606 2301 842 2356 maribus
883 2310 938 2355 et
986 2300 1285 2356 minoribus
1335 2301 1550 2356 seminis
1589 2321 1727 2367 non,
1767 2301 1823 2354 in
1861 2300 2009 2355 femi-

342 2411 428 2465 nis
467 2405 758 2481 majoribus
804 2413 986 2458 autem
1024 2404 1238 2478 planius
1288 2404 1541 2459 annulata
1582 2414 1677 2459 est.
1752 2402 2011 2458 Feminae

345 2510 559 2565 adullae
611 2519 736 2563 sunt
784 2507 1199 2573 crassiusculae‚
1245 2508 1483 2581 juniores
1545 2517 1600 2562 et
1656 2527 1831 2562 mares
1879 2506 2009 2562 salis

345 2624 552 2669 tenues.
587 2668 592 2671 ,
627 2612 881 2666 ,Marium
918 2610 1109 2665 cauda
1155 2631 1197 2664 s.
1238 2631 1388 2684 par-5
1427 2611 1683 2685 postica,
1734 2609 1899 2664 etiam
1935 2609 2011 2663 in-

348 2737 524 2782 curva,
563 2715 659 2770 sed
706 2714 978 2768 interdum
1028 2713 1295 2780 debiliter,
1337 2734 1438 2768 nec
1475 2733 1715 2786 unquam
1752 2713 1811 2766 in
1848 2713 2011 2766 circu-

347 2818 481 2887 lum,'
520 2819 601 2872 uti
639 2836 800 2890 saepe
848 2817 905 2870 in
943 2817 1198 2872 Ascaride
1251 2816 1575 2892 spiculigera
1618 2816 1859 2871 mascula
1897 2835 2011 2870 cur-

346 2932 469 2980 vata
516 2929 613 2975 est.
710 2919 996 2973 Caeterum
1055 2904 1222 2979 cauda
1280 2921 1561 2993 utriusque
1605 2920 1769 2975 sexus
1818 2918 1900 2973 uti
1953 2916 2012 2971 in

350 3026 474 3082 Asc.
514 3022 646 3097 spic.
687 3021 967 3093 descriptis
1006 3022 1269 3078 sehabet.
1347 3023 1583 3099 Spicula
1610 3023 1719 3077 dno
1760 3021 2012 3076 omnibus

474 3205 518 3254 1)
547 3206 745 3248 Nomen:
777 3203 1020 3263 Podiceps‚
1061 3202 1186 3263 quod
1226 3205 1448 3260 significet
1489 3205 1818 3264 germanicum:
1858 3202 2016 3259 Steiss-

341 3279 471 3338 fuss,
502 3277 693 3341 pessimo
724 3275 860 3320 modo
891 3273 1138 3320 conflatum
1170 3286 1247 3325 cst.
1278 3287 1416 3337 atque
1445 3277 1604 3322 melius
1634 3287 1834 3322 mutetur
1862 3276 1913 3319 in
1933 3278 2017 3319 Po„

356 3354 542 3411 dicr'pes.
571 3350 679 3396 edis.
