2111 3622
937 201 1338 259 -20--

872 380 1407 440 ASCARIS.

932 517 1159 595 Species
1192 537 1359 573 nova.
1386 564 1387 568 ,

462 654 697 710 Ascuris
734 651 1043 728 heret-oliva
1079 650 1262 703 mihi.

562 758 625 810 A.
667 754 858 828 eapitis
897 755 1043 820 nudi,
1096 753 1331 817 discreti,
1381 751 1610 807 valvulis
1648 736 2000 825 majusculi&

637 877 860 932 corpote
907 857 1117 931 postice
1168 857 1453 923 crassiore,
1502 855 1670 909 cauda
1715 854 1878 911 maris
1927 863 1983 910 et

634 959 866 1016 feminae
904 960 1070 1026 brevi,
1111 959 1461 1024 acutiuscula,
1511 958 1672 1033 hujus
1708 958 1980 1014 retractili.

462 1063 617 1120 Hah.
673 1063 734 1116 In
782 1063 878 1116 int.
940 1063 1255 1118 Charadrii
1297 1062 1578 1139 pluvialis
1626 1062 1744 1137 ipse
1793 1061 1844 1114 d.
1892 1060 1982 1114 24.

317 1168 568 1224 Octobris
611 1167 751 1221 1824
788 1166 977 1230 multa,
1018 1165 1383 1241 Sclzilling
1432 1166 1482 1220 d.
1523 1167 1574 1220 4.
1624 1173 1679 1220 et
1716 1164 1766 1219 5.
1814 1162 1981 1237 ejusd.

317 1271 521 1327 mensis
564 1271 706 1325 1826
747 1269 955 1341 aliquot
992 1269 1288 1343 specimina
1326 1270 1641 1344 reperimus.

460 1373 664 1428 Descr.
712 1370 1035 1446 Longitudo
1083 1375 1346 1445 majorum
1393 1373 1652 1446 pollicem
1703 1379 1757 1426 et
1792 1368 1981 1441 magis,

318 1474 631 1551 speciminis
670 1473 830 1528 unius
879 1493 908 1526 a
956 1472 1387 1546 Schillingio
1437 1475 1636 1549 reperti
1674 1474 1806 1526 adeo
1844 1470 1984 1524 ultra

318 1576 762 1656 sesquipollicem
815 1586 1027 1650 aequat.
1109 1575 1255 1632 Inter
1299 1577 1597 1652 specimina
1645 1595 1766 1630 mea
1815 1572 1985 1628 multa
2021 1561 2030 1563 s

319 1680 609 1736 mediocria
649 1689 703 1734 et
739 1699 900 1754 parva
947 1689 1090 1746 sunt,
1140 1700 1372 1753 quorum
1419 1679 1555 1736 haec
1600 1680 1779 1734 forsan
1827 1675 1986 1733 serni-

318 1785 579 1859 pollicem
625 1802 735 1837 non
783 1791 1052 1856 superant.
1129 1782 1270 1836 Cum
1318 1803 1528 1839 vermes
1560 1782 1734 1840 *valde
1783 1766 1986 1835 curvati

316 1888 588 1961 simulque
636 1885 792 1941 valde
841 1885 1052 1941 elastici
1101 1886 1226 1954 sint,
1267 1896 1454 1942 exacte
1495 1906 1590 1941 eos
1629 1884 1839 1940 emetiri
1874 1902 1987 1937 non

317 1988 478 2047 valui.
555 1987 864 2044 Crassities
912 2009 1009 2063 pro
1059 1990 1310 2064 portione
1357 1989 1714 2063 longitudinis
1759 1986 1986 2059 insignis

319 2101 418 2148 est.
496 2091 665 2146 Color
701 2091 1000 2145 recentium
1037 2113 1282 2148 meorum
1322 2101 1433 2147 erat
1470 2092 1734 2158 sordidUS,
1792 2088 1985 2144 ovariis

321 2194 459 2249 albis
508 2193 988 2263 translucentibus;
1043 2195 1100 2249 in
1158 2194 1350 2268 spiritu
1400 2195 1513 2250 vini
1570 2193 1749 2249 omnia
1808 2190 1985 2246 albida

322 2297 460 2352 facta
498 2304 640 2352 sunt.

469 2400 656 2473 Caput
705 2399 1013 2465 discretum,
1064 2400 1313 2455 valvulis
1359 2402 1489 2457 satis
1526 2402 1754 2477 magnis,
1803 2413 1984 2479 paten-

323 2502 493 2568 tibus,
547 2501 769 2557 obtusis.
849 2503 1064 2576 Corpus
1111 2505 1405 2576 generatim
1454 2516 1791 2576 antrorsum,¹
1822 2526 1985 2582 quam

323 2613 632 2668 retrorsum,
668 2605 839 2678 magis
880 2614 1231 2672 attenuatum,
1283 2607 1444 2681 plane
1482 2610 1703 2664 nudum.
1781 2610 1987 2665 Gauda

324 2705 563 2759 marium
598 2706 794 2772 brevis,
833 2709 1181 2772 acutiuscula,
1214 2708 1572 2784 seminar-am
1617 2713 1728 2767 fere
1777 2690 1982 2777 eadem,

324 2806 422 2862 sed
456 2809 755 2875 retractilis‚
805 2808 897 2863 ubi
952 2820 1068 2863 tum
1116 2830 1309 2885 corpus
1361 2813 1704 2870 obtusissime
1738 2814 1986 2868 termina-

324 2918 444 2964 tum
490 2929 522 2963 e
570 2911 751 2964 medio
808 2911 915 2966 fine
977 2913 1257 2968 emittebat
1315 2932 1547 2970 acumen
1591 2916 1984 2975 brevissimum.

327 3009 490 3078 Num,
531 3021 588 3066 et
623 3031 731 3085 quo
769 3013 933 3068 modo
972 3024 1027 3069 et
1064 3017 1230 3087 gradu
1267 3017 1390 3073 talis
1416 3020 1755 3076 retractilitas
1783 3020 1984 3075 caudae

325 3114 383 3167 in
419 3113 653 3170 maribus
690 3115 871 3169 locum
908 3115 1118 3183 habeat,
1170 3118 1345 3174 dicere
1392 3140 1621 3195 nequeo,
1674 3143 1799 3177 cum
1842 3123 1985 3177 inter

325 3217 727 3271 multitudinem
764 3237 933 3270 unum
955 3219 1230 3291 specimen
1260 3231 1467 3276 tantum
1492 3224 1809 3291 invenerim,>
1835 3223 1983 3297 quod

325 3327 471 3371 certo
509 3319 771 3374 affirmare
809 3339 1031 3393 possum
1086 3340 1205 3376 esse
1251 3342 1479 3392 marem,
1530 3326 1659 3381 dum
1696 3335 1821 3382 ante
1861 3344 1978 3379 cau-
