2111 3622
941 157 1387 217 ama-22

339 305 515 370 perat,
581 294 711 351 dum
767 295 888 354 finis
946 299 1119 354 amica
1179 297 1309 354 satis
1365 285 1581 354 subtilis
1642 307 1739 356 est.
1840 290 2011 358 Color

344 397 514 455 albus.

489 502 679 576 Caput
715 502 875 559 breve
913 504 1103 572 (latius
1142 522 1307 580 quam
1344 503 1644 589 longum),¹
1674 503 2009 580 depressum,

342 605 707 673 rotundatum,
747 607 952 662 osculis
979 616 1233 682 quattuor
1258 607 1588 675 lateralibus,
1628 591 1856 681 magnis,
1892 607 2014 664 sub-

345 707 760 777 orbicularibus,
817 710 1027 765 tumido
1078 711 1319 785 margine
1368 710 1644 768 instructis
1693 721 1749 767 et
1783 711 2014 766 rostello

342 810 488 866 haud
537 812 692 867 valde
737 813 907 880 tenui,
965 815 1302 888 longitudine
1340 815 1505 890 capiti
1542 814 1875 890 subaequali,
1933 834 2020 889 cy·

345 914 592 983 lindrioe,
653 915 806 993 apice
844 917 1025 973 subito
1066 918 1123 972 in
1162 919 1459 992 capitulum
1496 919 1730 974 abeunte
1769 917 2016 974 crassius.

346 1017 466 1072 Hoc
512 1020 796 1075 rostellum
843 1021 901 1075 in
949 1021 1336 1097 speciminibus
1378 1021 1538 1078 1824.
1574 1021 1821 1096 repertiS,
1879 1010 2020 1098 quae

346 1123 583 1177 recentia
633 1124 954 1193 examinavi,
1007 1125 1278 1180 interdum
1314 1126 1424 1182 vidi
1464 1145 1662 1181 corona
1698 1125 2023 1180 uncinorum

350 1225 585 1301 simplici
626 1237 906 1295 armatum,
960 1239 1016 1284 et
1052 1229 1110 1284 in
1147 1229 1443 1297 nonnullis,
1493 1229 1586 1282 ubi
1623 1227 1908 1283 rostellum
1944 1228 2019 1282 in·

348 1337 430 1383 tra
479 1339 640 1403 caput
685 1338 976 1385 retractum
1025 1340 1155 1398 erat,
1214 1333 1377 1386 istam
1425 1351 1680 1387 coronam
1727 1352 1825 1407 per
1861 1340 2023 1406 caput

348 1431 785 1487 translucentem.
844 1432 1156 1509 Specimina
1189 1435 1345 1490 1827.
1375 1443 1588 1510 reperta
1625 1434 1844 1489 nonnisi
1879 1444 2023 1509 post·

351 1554 514 1608 quam
551 1556 647 1609 per
684 1556 930 1592 mensem
967 1540 1077 1611 jam
1113 1537 1171 1593 in
1210 1538 1402 1612 spiritu
1435 1538 1547 1593 vini
1573 1540 1863 1613 jacuerant,
1903 1526 2025 1593 exa}

351 1637 556 1692 minare
603 1641 757 1713 potui
805 1651 1070 1708 accurate,
1128 1651 1184 1697 et
1221 1641 1276 1696 in
1314 1641 1401 1698 his
1438 1641 1641 1710 uncini,
1700 1641 1794 1716 qui
1831 1660 2025 1716 parum

354 1750 564 1796 exstare
611 1744 879 1813 videntur,
935 1745 1162 1801 rostello
1212 1755 1265 1801 et
1302 1745 1479 1820 capite
1520 1745 1703 1820 opacis
1740 1743 1912 1812 facti-s,
1966 1743 2026 1798 in

354 1853 707 1920 conspectum
753 1868 863 1902 non
900 1849 1203 1904 veniebant.
1281 1850 1499 1904 Collum
1537 1869 1663 1904 cum
1701 1848 1878 1923 capite
1912 1847 2025 1924 ple·

352 1967 579 2022 rumque
621 1951 954 2018 continuum,
1001 1963 1092 2007 aut
1129 1953 1322 2008 eodem
1358 1952 1522 2028 paulo
1560 1952 1742 2020 latius,
1781 1960 1875 2007 aut
1909 1970 2028 2027 per-

353 2069 545 2124 parum
582 2054 816 2121 tenuius,
870 2064 961 2109 aut
999 2056 1178 2110 eidem
1216 2057 1460 2129 aequale,
1507 2054 1904 2121 brevissimum,
1942 2073 2027 2109 ca-

353 2163 452 2228 put
487 2163 671 2210 tamen
708 2156 1046 2230 longitudine
1084 2178 1301 2232 semper
1336 2177 1615 2233 superans,
1662 2157 1903 2233 planum,
1949 2176 2026 2212 re·

355 2265 588 2312 trorsum
645 2259 979 2317 decrescens.
1058 2261 1304 2317 Articuli
1357 2261 1519 2336 primi
1574 2258 1888 2335 paucissimi
1942 2278 2025 2314 ru·

354 2360 681 2432 gaeformes,
737 2375 1027 2439 sequentes
1073 2363 1230 2420 valde
1275 2360 1409 2420 varii
1455 2365 1575 2421 sine
1623 2362 1811 2418 ordine
1859 2371 2025 2430 certo,

356 2461 687 2533 brevissimi,
745 2467 926 2523 obtusi
971 2476 1066 2522 aut
1111 2466 1365 2535 truncati,
1425 2487 1557 2522 mox
1599 2465 1871 2522 interdum
1913 2466 2027 2541 jam

355 2563 652 2639 longiores,
709 2590 871 2643 quam
921 2571 1043 2639 lati,
1101 2570 1376 2626 interdum
1418 2569 1627 2636 breveS‚
1688 2567 2024 2635 subcuneati,

353 2668 838 2745 subcampanulati,
879 2674 1129 2743 subrecti,
1166 2669 1814 2741 subinfundibuliformes,
1846 2669 2027 2727 ultimi

354 2768 465 2824 fere
503 2791 717 2848 semper
752 2777 910 2832 valde
949 2777 1186 2851 elongati
1225 2787 1280 2832 et
1316 2776 1670 2842 sublineares,
1710 2782 1901 2830 omnes
1939 2793 2025 2846 ge-

354 2874 584 2928 neratim
630 2879 871 2951 margine
919 2881 1131 2955 postico
1169 2880 1450 2933 tumidulo.
1525 2877 1841 2934 Foramina
1872 2875 2027 2951 geni·

355 2973 510 3029 talia
546 2977 857 3035 indistincta
896 2983 1134 3057 quidem,
1172 2983 1269 3038 sed
1303 3002 1438 3055 vage
1477 2981 1683 3035 alterna
1720 2990 1775 3034 et
1806 2979 1863 3034 in
1890 2997 2024 3033 mar·

354 3078 541 3150 ginum
577 3079 881 3138 lateralium
913 3085 1175 3139 anteriore
1203 3085 1425 3140 dimidio
1452 3085 1553 3140 sita
1575 3103 1700 3139 esse
1724 3081 1987 3138 videntur.

502 3183 795 3257 Specimen
832 3186 1070 3254 unicum,
1111 3187 1258 3261 quod
1296 3188 1352 3241 in
1389 3187 1527 3263 pulli
1553 3186 1824 3242 Ciconiae
1850 3182 2024 3240 albae

351 3280 607 3342 intestino
656 3289 831 3364 reperi
881 3290 930 3346 d.
986 3291 1069 3346 13.
1121 3289 1268 3345 Junii
1329 3292 1483 3348 1826.
1532 3298 1783 3364 respectu
1824 3286 2022 3363 capit-is
