2111 3622
727 183 1128 242 ...19-

113 323 328 379 (iissem.
405 322 572 376 Color
617 323 824 377 mediae
874 305 1038 396 partis
1087 322 1374 391 brunneus‚
1412 327 1534 386 finis
1572 333 1757 389 utrius-

109 446 213 499 que
249 425 493 488 lucidior,
543 434 634 479 aut
682 425 908 480 albidus.
984 424 1175 479 Antica
1224 446 1344 499 pars
1385 440 1496 483 erat
1532 435 1758 490 crassior

105 528 386 603 paululum
431 528 642 601 reliquo
693 547 940 602 corpore,
989 527 1255 581 interdum
1304 530 1477 584 media
1517 534 1649 588 mihi
1685 539 1757 592 vi.

109 631 329 687 debatur
374 629 541 701 magis
591 628 751 697 adeo,
800 650 961 703 quam
998 631 1229 712 postica„
1276 640 1579 701 attenuata,
1623 636 1757 694 haec

106 754 233 789 vero
282 752 520 805 semper,
569 752 732 805 quam
780 743 963 806 caput,
1024 734 1185 806 paulo
1233 734 1445 789 tenuior
1493 740 1756 794 manebat.

107 835 169 889 In
207 835 324 891 aliis
362 835 470 890 fere
513 835 702 889 eodem
741 835 920 901 modo,
960 836 1039 889 uti
1078 836 1136 890 in
1174 836 1475 911 Strongylis
1525 860 1553 894 e
1592 842 1757 915 plexu

104 958 334 1004 venos0‚
385 957 577 1011 corpus
628 946 917 992 retrorsum
952 968 1026 978 —-
1071 947 1251 993 utrum
1289 939 1451 994 etiam
1490 962 1518 995 a
1557 945 1755 1014 medio,

107 1061 173 1094 an
211 1040 334 1114 plus
370 1041 543 1106 ultra,
595 1048 839 1093 accurate
888 1038 1066 1094 dicere
1112 1060 1348 1113 neque0‚
1389 1061 1513 1097 cum
1547 1065 1756 1103 vermes

105 1143 266 1196 nimis
306 1143 538 1215 corrupti
579 1150 760 1197 essent
797 1172 868 1181 --
905 1142 1107 1197 sensim
1147 1142 1212 1196 ad
1235 1144 1434 1199 caudae
1472 1146 1636 1203 finem
1672 1169 1756 1205 us·

105 1265 226 1318 que,
267 1243 358 1318 qui
395 1244 511 1318 ipse
549 1264 676 1300 vero
715 1244 910 1298 iterum
947 1244 1227 1318 paululum
1255 1247 1480 1318 crassior
1505 1248 1664 1304 fiebat
1702 1262 1758 1308 et

103 1348 344 1414 obtusuS‚
382 1348 754 1401 attenuabatur
793 1357 845 1401 et
869 1347 1155 1422 valdopere
1182 1348 1415 1422 quidem.
1491 1350 1596 1406 Ubi
1634 1354 1756 1411 finis

103 1449 309 1527 postica
347 1450 572 1504 crassior
610 1459 736 1515 erat,
784 1450 892 1505 vidi
932 1470 1124 1525 corpus
1164 1451 1354 1507 obtuse
1401 1453 1620 1527 quidem
1657 1465 1758 1513 ter·

37 1623 42 1627 .
102 1552 309 1619 minari,
350 1552 445 1606 sed
484 1572 512 1605 a
551 1562 699 1626 parte
740 1552 933 1608 dorsali
978 1554 1384 1629 protrahebatur
1419 1555 1474 1609 in
1513 1561 1757 1614 caudam

102 1654 472 1718 unciformem,
515 1655 983 1730 incurvaquuae
1031 1677 1098 1711 ex
1146 1657 1409 1712 anteriore
1449 1670 1758 1718 curvaturae

105 1766 253 1830 parte
302 1757 579 1811 emittebat
625 1778 943 1832 processum
967 1763 1005 1828 ¹)
1059 1759 1484 1827 breviusculum‚
1531 1763 1758 1836 stylifor-

103 1879 267 1926 mem,
317 1861 585 1924 obtusum,
639 1869 694 1914 et
731 1860 869 1914 inter
904 1860 1049 1915 hunc
1093 1870 1148 1916 et
1185 1862 1393 1936 apicem
1431 1864 1630 1919 caudae
1668 1866 1756 1920 ob-

103 1970 284 2017 tusum
321 1982 380 2018 se
418 1963 689 2037 aperiebat
737 1983 896 2027 smus,
944 1964 1279 2037 prominens,
1330 1964 1483 2020 labiis
1523 1969 1757 2024 tumidis.

104 2063 319 2118 Credidi
356 2066 548 2139 prium,
587 2065 683 2118 tali
723 2066 920 2119 caudae
958 2065 1126 2119 sorma
1171 2066 1425 2120 instructa
1464 2068 1760 2141 specimina

102 2186 221 2222 esse
259 2186 452 2233 mares,
500 2167 596 2222 sed
646 2167 903 2241 conspexi
952 2168 1006 2221 in
1056 2168 1214 2223 unius
1275 2189 1496 2243 corpore
1549 2173 1761 2246 copiam

103 2254 543 2342 corpusculorum
594 2269 817 2338 (formae
857 2271 1178 2344 irregularis)
1219 2292 1354 2344 quac
1394 2293 1490 2346 pro
1529 2275 1666 2340 ovis,
1707 2285 1762 2332 et

105 2371 348 2436 aliorum,
406 2371 575 2443 magis
625 2373 995 2445 elongatorum
1045 2384 1098 2427 et
1146 2374 1413 2441 tenuium,
1477 2396 1613 2449 quae
1663 2398 1760 2452 pro

98 2473 262 2546 prole
299 2473 413 2526 ovis
452 2475 560 2545 jam
599 2474 815 2529 exclusa
867 2475 1061 2529 habere
1108 2475 1284 2530 debui.
1359 2476 1533 2532 Sexus
1584 2479 1763 2534 discri-

0 2571 39 2584 ”
103 2594 230 2629 men
279 2583 485 2629 certum
532 2576 744 2630 nullum
791 2576 1123 2631 obveniebat.
1204 2579 1390 2652 Caput
1426 2599 1639 2655 semper
1676 2582 1763 2636 ob-

104 2685 303 2744 tusum,
354 2696 469 2741 ore,
514 2679 662 2752 quod
710 2698 740 2733 e
787 2680 967 2733 medio
1016 2680 1166 2755 apice
1214 2680 1518 2754 prominere
1555 2683 1764 2739 videba-

106 2787 207 2846 tur,
247 2780 391 2853 quod
429 2799 554 2835 vero
593 2781 739 2837 lente
778 2782 1088 2856 conspicere
1123 2782 1362 2856 nequivi,
1402 2785 1584 2845 nudo„

252 2882 308 2951 3)
354 2881 631 2957 Strongyli
678 2884 735 2938 in
797 2885 937 2941 vasis
1000 2885 1316 2959 sanguiferis
1364 2887 1764 2960 pulmonalibus

109 2983 351 3056 ejusdem
384 2984 617 3052 habitus,
669 3007 839 3061 aeque
877 2988 1056 3061 magni
1102 2997 1157 3044 et
1194 2989 1386 3043 eodem
1423 2991 1585 3044 modo
1625 2991 1765 3045 colo-

107 3086 207 3138 rati
246 3095 414 3153 erant,
442 3106 514 3159 ,ac
550 3084 602 3143 ii
629 3108 658 3144 e
696 3088 987 3157 bronchiis,
1030 3110 1201 3164 aeque
1226 3092 1460 3165 corrupti
1489 3092 1667 3159 etiam,
1707 3103 1768 3147 ut

92 3205 300 3256 *omnes
338 3188 548 3267 reliqui.

156 3314 170 3338 ὃ·
234 3316 275 3368 1)
307 3321 376 3365 Cf.
408 3323 554 3368 Rud.
585 3319 821 3368 Entozool.
853 3323 913 3370 ΙΙ.
949 3321 988 3368 1.
1018 3340 1064 3388 p.
1095 3322 1195 3369 228.
1311 3389 1358 3444 Β
1401 3394 1432 3445 2

1398 3398 1412 3421 ς
