2111 3622
959 152 1403 214 -106—

350 296 419 352 ad
453 294 618 351 finem
657 293 940 369 fragmen-ti
977 295 1155 370 primi,
1196 304 1251 350 et
1288 293 1498 350 articuli
1534 294 1695 370 primi
1727 294 2010 369 fragmenti

348 398 590 456 secundi.
663 396 839 473 Hujus
867 398 1213 472 articulorum
1240 396 1584 472 sequentium
1611 398 2011 472 (posteriorum)

348 524 473 579 pars
518 501 750 557 anterior
796 511 978 557 autem
1027 502 1229 556 sensim
1265 501 1436 574 magis
1475 499 1905 569 contrahebatur,
1958 512 2014 560 et

350 605 534 680 anguli
569 604 768 682 postici
815 604 1133 660 acutiusculi
1173 614 1225 659 et
1253 624 1541 680 perparum
1565 604 1819 679 protracti
1847 614 2011 660 erant.

346 710 409 765 In
456 710 755 782 fragmento
800 709 961 762 tertio
998 709 1244 782 primum
1289 708 1424 763 haec
1462 707 1807 762 articulorum
1843 707 2013 762 forma

347 813 619 878 manebat,
665 811 852 890 anguli
888 832 1014 866 vero
1053 821 1172 866 tum
1209 812 1379 885 magis
1418 811 1614 876 obtusi,
1663 820 1783 865 tum
1816 810 2047 876 iterum>

351 914 669 973 acutiusculi
714 914 929 970 fiebant.
1013 914 1127 970 Hos
1174 915 1518 990 excipiebant
1560 913 1904 981 subcuneati,
1961 920 2017 967 et

349 1019 528 1075 ultimi
578 1028 731 1074 erant
777 1019 1260 1093 subcampanulati.
1349 1019 1473 1089 Quo
1521 1012 1700 1092 magis
1741 1016 1808 1072 ad
1850 1015 2017 1074 finem

349 1122 754 1200 perveniebant,
809 1141 873 1177 eo
911 1123 1082 1195 magis
1121 1122 1521 1196 elongabantur,
1574 1122 1798 1177 ultimus
1836 1128 2020 1179 autem

348 1227 527 1282 adhuc
563 1225 740 1293 latior,
798 1245 962 1300 quam
997 1225 1208 1298 longUS,
1265 1225 1531 1280 manebat.
1606 1224 1881 1280 Art-iculus
1917 1232 2020 1278 ter-

351 1329 567 1386 minalis
625 1328 824 1384 vermis
880 1329 1073 1401 integri
1132 1328 1327 1383 deerat.
1415 1327 1601 1402 Margo
1650 1328 1892 1403 posticus
1939 1345 2020 1382 se-

352 1443 610 1509 quentem
648 1432 935 1486 articulum
972 1433 1195 1506 semper
1223 1451 1509 1506 perparum
1545 1441 1750 1503 tegens,
1791 1429 2022 1484 aliorum

349 1536 700 1592 articulorum
723 1536 947 1611 paulum
972 1535 1290 1601 tumidulus,
1331 1535 1559 1589 aliorum
1586 1533 1827 1601 minime,
1854 1522 2024 1588 ἰεῐιιᾶέ

348 1660 458 1714 que
507 1639 626 1694 sine
675 1640 878 1694 ordine.
975 1637 1106 1694 P'czs
1141 1638 1433 1693 nutritium
1468 1659 1567 1713 per
1604 1656 1793 1693 omnes
1831 1637 2022 1692 articu-

351 1744 436 1800 los
483 1743 736 1799 distincte
765 1743 1103 1806 ,decurrebat
1147 1743 1429 1817 utrinque,
1489 1742 1545 1796 in
1597 1741 1835 1799 articulis
1885 1739 2020 1801 solis
2091 1802 2105 1804 -

354 1848 711 1904 anterioribus
764 1847 1093 1920 marginibus
1150 1846 1462 1902 lateralibus
1512 1845 1904 1921 propinquum,
1963 1843 2020 1898 in

353 1953 579 2008 caeteris
627 1951 786 2006 valde
827 1950 891 2004 ab
929 1951 995 2006 iis
1032 1959 1303 2006 remotum
1343 1959 1395 2005 et
1433 1949 1628 2005 ovariis
1665 1945 2021 2024 propinquius
2052 2016 2058 2018 ‚

353 2075 517 2131 quam
553 2054 902 2128 marginibus.
991 2053 1054 2107 In
1091 2053 1271 2108 medio
1311 2054 1456 2108 enim
1495 2053 1739 2108 omnium
1775 2050 2023 2107 articulo·

353 2179 490 2226 rum,
531 2167 758 2231 excepta
797 2156 1098 2211 anticorum
1135 2157 1274 2211 serie
1313 2156 1522 2229 exigua,
1565 2155 1824 2210 ovarium
1860 2174 2020 2228 supra

354 2262 697 2337 superficiem
752 2259 962 2315 articuli
1016 2260 1330 2334 praesertim
1378 2259 1601 2314 alteram
1647 2257 1802 2313 valde
1851 2257 2023 2312 eleva·

352 2377 488 2432 tum,
535 2364 913 2430 noduliforme,
962 2363 1267 2429 candidum,
1315 2362 1541 2436 jacebat,
1582 2370 1636 2416 et
1671 2369 1885 2436 praeter
1919 2359 2026 2416 hoc

356 2470 415 2525 in
453 2468 815 2544 complurium
845 2467 1191 2521 articulorum
1217 2465 1520 2521 mediorum
1547 2464 1787 2538 margine
1813 2461 2024 2540 postico

356 2574 466 2628 dno
516 2571 710 2627 nodnli
763 2570 1256 2645 conspiciebantur,
1307 2568 1490 2624 ovario
1535 2568 1792 2640 minores,
1849 2566 2025 2643 spatio

352 2696 521 2751 -parvo
569 2696 599 2729 a
645 2695 705 2731 se
751 2675 988 2731 invicem
1034 2673 1304 2746 disjuncti,
1363 2671 1420 2727 in
1467 2690 1605 2746 quos
1652 2655 2030 2727 semicirculus

352 2798 578 2854 opacus,
619 2778 860 2834 ovarium
896 2777 1148 2852 utrinque
1187 2775 1447 2841 ambiens,
1486 2794 1644 2851 supra
1683 2782 1865 2829 cutem
1896 2791 2027 2828 vero

359 2879 572 2937 articuli
606 2880 752 2934 haud
789 2880 1046 2948 elevatuS,
1086 2879 1311 2934 transire
1347 2878 1641 2935 videbatur.
1708 2876 1820 2933 Has
1848 2895 2026 2932 macu-

358 2987 440 3042 las
479 2982 902 3042 semicirculares
939 2982 1258 3056 praesertim
1298 2981 1355 3036 in
1394 2980 1632 3036 articulis
1669 2974 2030 3056 pellucidiori-

359 3091 479 3155 bus,
543 3086 731 3163 quales
769 3105 960 3140 omnes
996 3084 1279 3157 fragmenti
1317 3085 1494 3150 uniuS‚
1533 3083 1625 3140 vix
1662 3083 1917 3159 pollicem
1955 3080 2029 3136 di-

362 3193 601 3246 midium
641 3183 790 3264 longi
837 3198 892 3244 et
937 3188 1277 3245 semilinearn
1328 3187 1536 3243 circiter
1573 3187 1684 3252 lati,
1735 3194 1904 3251 erant,
1955 3184 2029 3239 di-

366 3296 560 3350 stincte
600 3294 727 3349 vidi.
803 3291 898 3347 Uti
939 3291 1116 3346 ovaria
1156 3292 1211 3345 in
1252 3290 1421 3346 altero
1460 3290 1807 3369 articulorum
1842 3288 2029 3353 latere,
