2111 3622
715 197 1112 256 ...77-

138 355 142 359 ’
208 336 559 409 ,ἱοηςὶΐηᾶο
593 335 755 410 hujus
789 335 987 392 vermis
1025 334 1155 388 duas
1193 335 1362 391 lineas
1400 338 1624 402 circiter,
1652 340 1744 393 'la-

92 435 273 493 titudo
333 440 508 494 antice
549 439 703 493 ⁴circa
765 438 966 492 lineam
1024 435 1299 490 dimidiam
1363 451 1567 512 aequat.
1662 442 1743 496 Ab

92 541 244 615 apice
285 543 462 596 antico
502 542 692 596 obtuso
731 559 923 614 corpus
959 548 1246 594 retrorsum
1280 541 1482 595 sensim
1510 552 1745 599 attenua-

26 701 28 704 >
93 652 181 697 tur
217 644 284 696 ad
321 645 529 720 apicem
555 638 844 698 'caudalem
883 642 1302 708 obtusissimum‚
1351 637 1430 697 uti
1467 644 1630 698 etiam
1668 667 1746 701 re-

94 754 326 800 trorsum
366 722 541 820 'magis
588 746 863 819 magisque
914 746 1243 820 deprimitur,
1298 747 1558 802 anteriore
1595 757 1746 823 parte

94 847 247 920 quasi
265 848 486 902 tumida.
528 847 751 923 Corpus,
772 857 1046 923 praeterea
1067 868 1225 921 supra
1252 869 1568 918 convexum,
1593 851 1749 905 abdo-

93 949 239 1004 mine
283 951 349 1004 ad
386 950 778 1023 longitudinem
823 961 1111 1018 excavatO,
1149 952 1540 1025 regularissime
1583 962 1749 1010 trans-

93 1053 290 1108 versim
338 1053 623 1127 plicatum,
684 1073 792 1127 quo
841 1054 1107 1126 margines
1152 1055 1397 1109 laterales
1444 1057 1750 1112 acutissime

94 1155 281 1209 serrati
329 1155 634 1209 redduntur.
724 1153 862 1208 Infra
910 1165 963 1209 et
1007 1175 1150 1229 pone
1196 1156 1359 1210 finem
1408 1159 1745 1227 anteriorem,

93 1257 173 1310 nti
211 1257 268 1310 in
305 1255 665 1312 Pentastomis
703 1256 942 1331 reliquis,
993 1259 1243 1332 utrinque
1281 1261 1467 1315 unc-ini
1504 1263 1612 1316 duo
1651 1264 1750 1317 sor-

91 1368 191 1427 tes,
240 1359 465 1426 recurvi,
515 1360 934 1435 conspiciuntur,
992 1362 1085 1435 qui
1122 1372 1304 1417 nostro
1341 1363 1397 1417 in
1435 1366 1748 1433 vermiculo,

95 1470 365 1516 caeterum
412 1462 663 1530 candide,
723 1463 902 1517 colore
952 1464 1131 1519 lucide
1182 1465 1329 1521 fusco
1377 1468 1634 1540 gaudent,
1696 1481 1749 1525 et

93 1584 223 1618 mox
268 1584 426 1639 supra
474 1585 533 1620 se
581 1565 781 1620 habent
828 1565 1025 1639 singuli
1063 1567 1333 1641 singulum
1373 1571 1543 1624 multo
1582 1572 1750 1627 mino·

94 1687 209 1721 rem
248 1676 304 1722 et
340 1668 510 1740 magis
547 1675 753 1723 rectum
790 1667 1084 1722 hamulum.
1118 1646 1135 1661 x
1159 1669 1228 1724 Hi
1267 1673 1450 1726 uncini
1479 1693 1665 1730 omnes
1694 1676 1749 1730 in

95 1769 318 1823 modum
356 1770 614 1843 unguium
652 1771 773 1826 felis
810 1773 1104 1827 retractiles
1143 1783 1284 1828 sunt.
1325 1774 1465 1843 (Vid.
1509 1776 1635 1833 Obs.
1676 1781 1750 1849 ⁶2..)

95 1871 296 1926 Porum
333 1873 573 1927 medium
609 1874 748 1928 inter
783 1874 1009 1930 uncinos
1048 1894 1165 1941 nec,
1214 1896 1390 1950 neque
1428 1898 1606 1952 poros,
1658 1882 1751 1955 qui

93 1974 194 2032 hos
233 1976 495 2043 emittant,
535 1977 653 2032 lens
692 1977 870 2051 optica
908 1998 1009 2032 nec
1046 1979 1460 2054 microscopium
1488 1983 1752 2038 sufficien-

94 2088 176 2133 ter
221 2078 472 2133 distincte
518 2079 651 2132 mihi
701 2090 1082 2135 monstravere.
1172 2081 1366 2137 Contra
1420 2084 1555 2140 haec
1614 2086 1749 2142 alios

85 2200 259 2256 poros
305 2181 444 2235 duos
495 2182 930 2239 distinctissimos
983 2184 1183 2252 detexi,
1248 2206 1475 2259 quorum
1526 2197 1752 2264 uterque

47 2325 54 2327 a
92 2284 149 2337 in
188 2284 511 2339 eminentiae
549 2284 911 2354 brevissimae,
962 2287 1058 2342 sed
1096 2290 1225 2344 satis
1265 2289 1419 2356 latae,
1459 2300 1752 2361 truncatae,

95 2404 125 2438 e
171 2375 278 2440 {ine
327 2388 589 2442 anteriore
644 2390 882 2462 corporis
932 2391 1252 2462 egredientis
1300 2393 1493 2465 angulo
1543 2395 1752 2450 laterali

93 2495 322 2560 utroque
361 2489 496 2543 situs
537 2498 618 2544 est
655 2499 708 2544 et
744 2490 992 2545 inferiora
1029 2513 1213 2548 versus
1252 2504 1473 2566 spectat.
1564 2498 1752 2572 Caput

94 2588 316 2657 (Finem
354 2590 702 2661 anteriorem)
749 2593 873 2647 inde
922 2614 950 2646 a
997 2595 1143 2668 poris
1191 2596 1426 2671 quinque
1464 2601 1750 2655 semiluna-

17 2697 24 2703 “
91 2691 191 2746 tim
226 2693 418 2766 positis
457 2713 763 2767 percurrere
799 2695 1045 2751 videntur
1092 2697 1333 2772 quinque
1369 2702 1604 2757 canales
1637 2704 1750 2758 lon-

92 2794 410 2866 gitudinales
448 2806 736 2852 retrorsum
775 2809 1155 2873 convergentes
1195 2811 1250 2856 et
1286 2823 1428 2877 pone
1468 2817 1626 2881 caput
1651 2808 1750 2863 for-

95 2915 192 2950 san
228 2898 285 2952 in
322 2918 491 2953 unum
527 2902 703 2955 solum
741 2902 956 2956 collecti
993 2903 1232 2958 medium
1271 2925 1464 2980 corpus
1493 2910 1558 2962 ad
1586 2910 1749 2964 finem

97 2999 294 3054 caudae
352 3021 658 3075 percurrere
706 3003 896 3059 visum.
983 3006 1135 3059 Aliae
1183 3018 1359 3079 partes
1408 3011 1655 3076 internae
1695 3013 1749 3066 in

95 3121 275 3157 verme
323 3106 541 3172 recenti,
600 3105 728 3160 satis
777 3107 1047 3181 pellucido
1086 3108 1229 3175 licet,
1290 3112 1468 3166 nullae
1508 3115 1746 3188 conspici

92 3213 352 3276 poterant.

196 3336 199 3342 ·
234 3305 369 3360 Obs.
411 3309 458 3362 1.
534 3307 760 3364 Unciuis
810 3311 1115 3387 duplicibus
1155 3316 1386 3386 cujusvis
1426 3316 1746 3372 foraminum
