2111 3622
961 135 1360 192 -92-

331 276 687 354 thriocephali
723 275 910 331 vivunt
936 257 1151 330 intubo
1180 271 1477 329 intestinali
1505 270 1836 341 animalium,
1874 274 1990 349 plu-

329 383 530 438 rimum
574 381 835 457 piscium;
872 379 920 435 si
959 377 1084 431 alibi
1125 360 1473 432 inveniuntur-
1505 379 1566 447 Ψ),
1605 375 1736 430 illuc
1774 397 1803 431 e
1841 397 1988 431 man-

328 487 486 543 sione
531 505 629 544 sua
673 482 888 560 propria
936 501 1028 536 eos
1077 498 1206 534 casu
1255 489 1346 533 aut
1393 498 1569 534 errore
1607 479 1813 541 delatos
1851 500 1988 546 esse,

332 595 449 666 jure
498 607 735 644 censeas,
813 582 1288 657 Schistocephalus
1327 593 1526 648 contra,
1586 581 1743 637 sicuti
1779 580 1990 655 Ligula,

327 695 387 749 in
443 691 729 747 abdomine
780 688 1012 763 piscium
1066 707 1280 761 semper
1332 686 1564 760 gignitur
1617 695 1671 740 et
1716 684 1990 739 adolescit.

327 792 813 869 Bothriocephalus
855 791 1073 845 demum
1101 810 1378 864 nunquam
1409 791 1575 844 talem
1599 787 1992 863 metamorpho-

330 900 414 955 sin
452 897 614 965 subit‚
663 916 725 949 ac
763 893 1275 968 Schistocephalus,.
1307 893 1399 966 qui
1437 891 1692 947 nimirum
1730 911 1856 946 cum
1894 893 1992 946 Ga-

329 1001 606 1060 sterosteis
648 1000 712 1053 ab
754 997 938 1052 avibus
978 998 1236 1072 aquaticis
1277 997 1558 1051 devoratus
1596 996 1654 1050 in
1689 994 1881 1050 harum
1917 995 1993 1048 in·

329 1105 544 1162 testinis
584 1099 880 1176 elongatur,
928 1100 1139 1176 planior
1174 1100 1252 1166 fit,
1303 1109 1357 1154 et
1394 1099 1590 1154 ovariis
1629 1118 1730 1153 ova
1767 1097 1993 1172 gerenti-

328 1210 429 1266 bus
476 1207 774 1272 instruitur,
831 1225 939 1279 quo
988 1213 1130 1260 statu
1169 1224 1294 1257 cum
1332 1211 1576 1258 auctores
1613 1201 1994 1256 helmintholo-

329 1313 436 1387 gici
483 1312 753 1365 diversum
806 1329 834 1361 a
871 1307 1326 1381 Bothriocephalo
1377 1306 1555 1361 solido
1603 1325 1842 1359 vermem
1882 1303 1994 1377 opi-

328 1415 442 1470 nati
488 1412 710 1467 nominc
760 1410 1011 1465 Taeniae
1057 1410 1323 1474 nodosae,
1384 1406 1856 1480 Bothriocephali
1902 1425 1992 1459 no-

328 1517 480 1582 dosi,
536 1515 766 1590 aliisque
826 1513 1232 1587 insigniverunt.
1315 1511 1426 1565 Sed
1485 1531 1604 1565 esse
1652 1509 1799 1563 hunc
1837 1518 1890 1562 et
1927 1508 2025 1561 Bp

328 1621 566 1678 solidum
621 1639 788 1673 unum
853 1618 1192 1691 eundemque
1251 1627 1520 1680 vermem,
1586 1612 1992 1669 distinctissime

328 1732 633 1780 monstrant
659 1722 932 1801 transitus,
975 1721 1066 1796 qui
1105 1721 1244 1774 inter
1280 1728 1568 1792 utrumque
1606 1718 1663 1771 in
1696 1716 1882 1775 avium
1918 1715 1989 1768 in-

328 1828 538 1885 testinis
576 1826 932 1901 reperiuntur.
1008 1823 1215 1879 Similis
1253 1816 1723 1895 xnetamorphosi5‚
1776 1818 1873 1875 sed
1909 1818 1995 1872 ad-

327 1934 438 1987 huc
473 1932 645 2006 major
683 1931 736 1984 in
777 1928 984 2002 Ligulis
1024 1928 1202 1984 avium
1242 1926 1454 1993 accidit,
1495 1945 1525 1978 a
1563 1923 1756 1997 Ligula
1794 1921 1995 1998 simpli-

331 2036 549 2092 cissima
586 2034 856 2098 omnibus,
906 2033 961 2086 ni
1001 2031 1172 2097 fallor,
1223 2039 1399 2085 ortum
1439 2027 1776 2082 ducentibus.

475 2138 630 2192 Hanc
674 2133 1162 2209 metamorphosin,
1201 2133 1444 2197 unicam,
1484 2151 1649 2205 quam
1686 2132 1800 2202 ejus
1839 2148 1995 2202 gene-

328 2243 403 2299 ris
439 2241 691 2296 novimus
730 2239 786 2292 in
823 2237 1100 2302 Entozois‚
1138 2256 1263 2291 vere
1304 2235 1533 2290 existere
1581 2233 1825 2308 egregius
1870 2233 1995 2287 Ru-

332 2344 575 2422 dolphi
605 2346 648 2413 2)
705 2342 910 2416 primus
959 2340 1422 2395 observationibus
1480 2338 1731 2392 inductus
1780 2345 1995 2390 conten-

333 2450 439 2514 dit,
496 2447 660 2502 nimis
709 2445 954 2499 modeste
1003 2443 1130 2498 facti
1190 2443 1306 2497 sine
1352 2442 1467 2496 ullo
1509 2441 1673 2495 dubio
1729 2439 1994 2495 verissimi

331 2551 691 2628 prolationem
729 2549 1136 2623 hypotheticam
1162 2566 1497 2619 nuncupans.
1573 2543 1713 2598 Nam
1750 2543 1855 2598 nisi
1893 2543 1997 2598 sin-

332 2655 484 2728 gulas
523 2654 720 2707 formas
760 2672 966 2717 omnes,
1003 2671 1135 2725 quas
1172 2650 1402 2703 induunt
1437 2646 1875 2720 Bothriocephali
1915 2667 1996 2701 so-

332 2758 429 2812 lidi
466 2756 757 2821 individua,
799 2755 925 2808 dum
952 2762 1227 2808 mutantur
1263 2753 1319 2806 in
1355 2752 1534 2806 avium
1570 2749 1859 2816 intestinis,
1901 2770 1997 2822 pro

332 2869 415 2915 tot
450 2857 888 2932 Bothrioccphali
935 2856 1218 2931 speciebus
1267 2875 1479 2910 sumere
1525 2854 1794 2918 volumus,
1853 2853 1999 2926 quod

456 3055 497 3104 1)
527 3056 609 3100 Uti
647 3053 713 3097 ill.
756 3053 1055 3113 Rudolplzi
1094 3052 1274 3108 invenit
1321 3053 1371 3095 B.
1408 3049 1788 3112 microceplmlum
1828 3051 1878 3094 in
1916 3050 1997 3092 Or-

335 3128 599 3188 thragorisci
627 3125 777 3171 Molae
818 3121 1059 3168 branchiis.
1091 3141 1149 3150 ·-
1180 3123 1228 3165 Si
1267 3135 1487 3167 caeterum
1526 3121 1603 3166 hic
1641 3122 1803 3185 loquor
1831 3121 1886 3166 de
1915 3122 1998 3164 Bo-

335 3198 669 3262 thriocephalis,
698 3214 876 3261 semper
897 3196 1006 3241 volo
1036 3191 1435 3257 Botllriocephalos
1465 3194 1607 3241 R'ud.

456 3287 501 3336 2)
532 3289 721 3350 Synops.
753 3305 799 3349 p.
831 3282 932 3329 477.
965 3281 1064 3328 489.
1098 3281 1184 3324 596
1205 3303 1264 3313 -
1285 3279 1386 3327 597.
