2111 3622
1019 182 1263 241 ...sssss
1350 218 1431 231 ...-

393 329 557 382 finem
606 326 880 400 (apicem)
932 324 1184 391 anticum,
1243 343 1367 378 eum
1414 328 1568 398 eujus
1617 326 1871 397 lateribus
1913 345 2071 403 angu-

398 433 525 500 lum
560 410 767 485 rectum
814 428 1014 502 pariter
1064 425 1319 492 efficiunt,
1377 430 1613 502 cingunt.
1691 431 1922 500 Quando
1962 435 2069 486 ani-

395 534 754 590 malculorum
802 549 1065 595 meorum,
1121 529 1250 582 (lum
1286 531 1554 599 vivebant,
1611 534 1845 588 molibus
1882 536 2070 589 noduli

395 639 630 693 maxime
671 632 1107 707 deprimebantur
1145 632 1335 705 (plana
1373 635 1609 706 fiebant),
1665 637 1789 693 finis
1829 638 1966 716 colli*
1994 638 2070 713 pi-

394 739 468 797 lei
517 737 860 813 complanati‚
922 737 1073 807 cujus
1114 720 1379 808 margines
1419 738 1471 792 in
1513 739 1646 795 istos
1683 739 1914 796 nodulos
1953 761 2068 816 pro-

397 847 760 917 longarentur‚
801 838 984 913 specie
1026 846 1199 892 tectus
1240 859 1359 895 esse
1398 841 1691 896 videbatur.
1765 842 1885 898 Hoc
1921 835 2068 920 prae-

396 949 582 1004 sertim
617 964 727 999 uno
766 944 822 997 in
852 941 1149 1016 specimine
1180 941 1478 1011 observavi,
1519 945 1664 1019 quod
1694 946 1897 1001 collum
1927 967 2069 1002 sum-

395 1069 619 1127 mopere
659 1045 982 1103 extendebat
1020 1053 1074 1098 et
1110 1043 1306 1100 iterum
1344 1057 1623 1122 tantopere
1651 1049 1970 1116 retrahebat,
2008 1059 2070 1103 ut

395 1155 516 1230 pori
562 1153 672 1207 fere
722 1153 959 1227 contigui
999 1154 1205 1208 fierent.
1281 1149 1394 1204 Sub
1434 1153 1752 1207 extensione
1791 1153 1917 1208 colli
1953 1153 2067 1207 lon-

395 1257 600 1332 gissimi
640 1256 764 1309 facti
805 1278 943 1330 apex
979 1258 1173 1331 planus
1222 1256 1555 1324 (truncatus)
1604 1255 1819 1311 nodulis
1857 1257 2065 1311 cinctus

398 1362 601 1436 optime
656 1359 1100 1432 conspiciebatur.
1192 1357 1339 1411 Haec
1393 1358 1687 1432 scripturus
1740 1359 2065 1415 vermiculos

394 1466 529 1519 istos
569 1483 597 1516 e
625 1461 797 1515 Lucio
836 1481 978 1518 novo
1019 1460 1254 1517 examini
1284 1459 1505 1532 subjeci,
1546 1461 1707 1514 simul
1735 1470 1914 1516 autem
1942 1481 2066 1516 cum

394 1565 782 1642 speciminibus
832 1574 954 1619 ante
995 1565 1204 1638 aliquot
1243 1583 1412 1618 annos
1453 1583 1482 1616 e
1521 1562 1874 1638 chcioperca
1911 1564 2066 1644 lectis

394 1681 449 1725 et
487 1669 689 1744 optime
729 1668 1057 1724 conservatis
1097 1665 1420 1741 comparavi,
1471 1666 1725 1741 lenteque
1764 1667 1942 1741 optica
1981 1667 2066 1721 ad-

393 1778 537 1848 jutus
584 1781 784 1827 siatum
831 1772 949 1846 pori
999 1771 1161 1826 aulici
1201 1770 1426 1825 eandem
1464 1790 1683 1844 prorsus
1718 1770 1775 1824 in
1813 1770 2064 1825 omnibus

393 1879 478 1932 his
517 1873 903 1950 speciminibus
940 1874 1139 1928 inveni.

539 1979 623 2032 Ill.
661 1977 860 2033 Bada
874 1975 1025 2051 Iphi
1071 1996 1265 2052 porum
1313 1977 1550 2031 anticum
1588 1976 1719 2032 dicit
1739 1979 1780 2048 1)
1818 1977 2063 2032 termina-

394 2084 523 2148 lem,
575 2079 750 2155 qualis
787 2099 915 2134 sane
953 2089 1199 2146 nonest,
1239 2088 1300 2133 ut
1339 2089 1539 2146 contra,
1581 2080 1626 2134 si
1665 2081 1829 2135 modo
1865 2081 2064 2136 relatas

395 2183 796 2241 observationes
837 2201 961 2235 cum
999 2182 1270 2236 vermibus
1312 2181 1443 2255 ipsis
1483 2182 1724 2237 conferre
1762 2183 1915 2247 velis,
1977 2203 2062 2237 ex—

393 2286 745 2363 quisitissime
793 2285 1024 2339 inferum
1074 2304 1200 2339 eum
1236 2294 1520 2339 vocaturus
1559 2285 1650 2340 sis,
1726 2285 1904 2339 Etiam
1940 2286 2064 2341 Ze-

393 2393 624 2455 clernS,
677 2387 771 2462 qui
809 2398 990 2454 iamen
1029 2388 1290 2460 optimam
1328 2389 1446 2461 pori
1486 2389 1647 2442 antici
1686 2387 1840 2442 inferi
1880 2366 1935 2443 ei
1970 2408 2061 2443 no-

394 2495 642 2548 dulorum
688 2491 972 2566 positionis
1021 2489 1437 2565 descriptionem
1486 2491 1743 2556 exhibuit,
1801 2491 1858 2545 in
1898 2511 2059 2566 opere

393 2616 491 2652 suo
529 2594 694 2669 priori
717 2598 759 2664 2)
799 2594 987 2648 definit
1011 2593 1323 2649 Distomum
1362 2603 1637 2653 nostrum:
1678 2592 1787 2661 ,‚D.
1818 2594 2059 2666 lagenae-

393 2700 592 2765 forme3
632 2696 937 2771 sphinctere
976 2697 1264 2768 terminali
1299 2697 1514 2769 nodulis
1551 2716 1650 2752 sex
1684 2696 2057 2769 inaequalibus

393 2800 788 2873 circumsepto’'
839 2808 971 2864 etc.‚
1007 2818 1140 2860 ,cum
1187 2808 1369 2854 tamen
1407 2819 1584 2873 neque
1622 2818 1785 2872 porus
1823 2799 1919 2853 ille
1957 2809 2055 2854 ter-

394 2903 608 2957 minalis
659 2903 755 2965 sit,
815 2920 992 2973 neque
1039 2902 1256 2956 nodulis
1294 2900 1402 2957 illis
1452 2921 1549 2957 sex
1598 2901 2054 2974 circumsepiatur.

393 3001 754 3076 Rudolphi
802 3002 1199 3075 quodammodo
1247 3004 1466 3078 quidem
1511 3022 1696 3061 verum
1742 3005 1898 3060 istius
1936 3005 2053 3078 pori

510 3208 556 3263 1)
586 3211 820 3255 Entozool.
851 3214 912 3255 ΙΙ.
947 3209 984 3254 1.
1015 3228 1061 3273 p.
1094 3208 1193 3254 419..

502 3324 548 3378 2)
579 3329 729 3370 Erster
756 3294 944 3373 Naclitr.
977 3346 1020 3389 p.
1058 3324 1161 3370 190.
