2111 3622
990 192 1067 204 -
1151 159 1232 218 74
1315 193 1460 222 -,.

351 298 456 355 sim
493 296 774 373 paululum
810 296 1205 355 incrassabatur
1240 299 1308 353 ad
1346 299 1556 375 apicem
1584 301 1854 371 obtusum,
1893 305 2013 360 sub-

341 403 552 460 lineare
599 401 815 457 interim
858 401 999 458 bene
1043 403 1481 477 nuncupandum.
1554 403 1735 459 Etiam
1781 407 2016 462 obsitum

350 516 463 562 erat
508 505 736 572 aculeis,
788 506 882 581 qui
923 527 952 560 a
989 526 1123 581 poro
1169 506 1374 574 antico,
1426 527 1536 582 quo
1580 507 1753 582 magis
1801 529 2014 584 progre-

349 611 630 666 diebantur
666 629 762 684 per
810 610 1016 664 collum
1054 619 1110 664 et
1145 629 1358 684 corPUS,
1407 630 1622 685 semper
1657 613 1830 686 magis
1869 613 2014 671 elon.-

347 712 624 789 gabantur,
663 713 911 769 fortiores
949 713 1151 768 fiebant
1189 722 1245 768 et
1282 733 1311 767 a
1339 733 1398 768 se
1434 695 2012 773 invicemremotiores

345 818 574 874 stabant.
652 817 856 873 Omnes
893 826 1188 872 retrorsum
1224 817 1383 885 versi,
1433 818 1575 872 acuti
1614 828 1670 874 et
1703 818 1852 874 recti.
1929 819 2014 875 Fi-

343 922 429 976 nis
477 920 718 996 corporis
763 920 972 996 postica
1018 940 1235 996 semper
1282 921 1347 974 ab
1396 921 1462 976 iis
1510 921 1676 977 libera
1728 931 1854 979 erat.
1927 922 2015 978 Ex

342 1024 585 1100 partibus
631 1024 856 1080 internis
903 1025 1012 1080 vidi
1060 1025 1322 1080 canalem
1364 1011 1792 1080 ‘'alimentarium
1848 1026 2014 1082 subti-

340 1128 611 1185 lissimum
657 1128 714 1183 in
752 1128 897 1183 collo
935 1127 1187 1202 utrinque
1237 1128 1562 1184 descendere
1601 1139 1654 1185 et
1690 1130 1863 1203 magis
1903 1149 2011 1184 ma-

342 1233 532 1306 gisque
581 1232 648 1286 ad
697 1233 923 1286 caudam
961 1231 1233 1306 ampliari,
1282 1240 1342 1284 ut
1380 1231 1600 1287 demum
1638 1233 2006 1307 amplissimus

340 1336 398 1391 in
435 1341 538 1393 hac
573 1334 825 1409 utrinqu-e
874 1354 1040 1389 coeco
1087 1335 1194 1388 fine
1232 1335 1639 1404 terminaretur⁴3
1689 1336 1745 1389 in
1786 1356 2011 1409 corp-ore

338 1459 399 1495 se
445 1438 546 1493 sub
595 1438 791 1492 ovariis
840 1437 1156 1492 occultabat.
1239 1435 1461 1491 Ovaria
1511 1438 1631 1492 alba
1669 1439 1917 1512 jacebant
1954 1440 2012 1493 in

335 1541 594 1596 lateribus
634 1541 891 1615 corporis,
939 1551 1130 1595 uterus
1167 1540 1284 1596 ovis
1319 1540 1558 1614 repletus
1597 1539 1654 1595 in
1691 1541 1890 1608 medio,
1930 1534 2030 1597 se(

337 1666 443 1719 que
493 1645 845 1721 prolongabat
892 1645 959 1698 ad
1008 1665 1202 1721 porum
1259 1644 1558 1699 ventralem
1614 1665 1804 1720 usque.
1891 1645 1995 1700 Cir*

335 1749 498 1805 rhum
536 1750 761 1822 ejusque
800 1747 1042 1803 foramen
1079 1767 1191 1803 non
1233 1748 1507 1822 conspexi.

483 1852 784 1927 Singularis
831 1852 999 1907 forma
1047 1851 1241 1906 horum
1278 1850 1657 1908 Distomorum
1705 1871 1795 1906 me
1838 1851 2011 1907 movit

334 1956 400 2010 ad
439 1957 853 2031 contemplanda
894 1977 955 2011 ea
993 1955 1362 2011 recentissima
1403 1955 1576 2009 adhuc
1616 1942 1849 2030 vespera*
1880 1955 2005 2022 diei,

334 2079 443 2135 quo
489 2079 819 2133 repereram,
870 2069 926 2114 et
974 2079 1082 2133 quo
1128 2069 1372 2133 tempore
1420 2058 1595 2113 adhuc
1643 2078 1758 2133 qua,
1792 2067 2005 2132 partem

330 2163 601 2219 vivebant.
677 2162 795 2217 Nisi
834 2162 939 2216 hoc
976 2163 1242 2227 fecissem,
1295 2161 1604 2216 aculeorum
1650 2169 1822 2216 status
1859 2180 2004 2235 pror-.

332 2288 423 2324 sus
463 2267 598 2322 alius
639 2266 990 2340 apparuisset,
1033 2275 1086 2321 et
1122 2285 1266 2320 nunc
1304 2265 1438 2319 adeo
1477 2284 1594 2319 rem
1631 2283 1742 2319 non
1780 2263 2004 2320 omnino

332 2371 557 2425 confeci.
633 2368 774 2424 Nam
813 2370 927 2424 sole
966 2371 1074 2442 jam
1113 2369 1179 2422 ad
1208 2387 1459 2425 occasum
1495 2376 1767 2441 vergente,
1807 2366 2003 2422 melius

331 2474 533 2528 credidi
572 2473 701 2540 fore,
752 2483 813 2527 ut
859 2473 926 2526 ad
967 2472 1108 2527 diem
1158 2482 1475 2546 sequentem
1516 2472 1788 2541 differrem
1826 2471 2036 2525 obser-⁷

330 2578 621 2632 vationem.
698 2576 808 2631 Sed
857 2587 1186 2650 quantopere
1238 2596 1324 2630 res
1371 2584 1489 2629 tum
1533 2583 1771 2630 mutatae
1818 2574 1998 2628 erant!

331 2679 538 2735 Omnes
583 2680 667 2734 illi
718 2680 896 2753 magni
946 2679 1121 2734 aculei
1175 2677 1443 2734 tuberculi
1501 2656 1559 2732 et
1615 2677 1821 2730 alarum
1867 2675 1998 2730 colli

329 2782 538 2856 delapsi
577 2791 755 2848 erant,
816 2792 872 2838 et
918 2782 1186 2855 margines
1248 2782 1453 2836 alarum
1499 2779 1841 2856 processibus
1885 2778 2000 2833 bre-

328 2869 583 2951 vissimis,
625 2886 755 2941 satis
793 2885 935 2951 latis,
977 2885 1360 2953 obtusissimis,
1408 2904 1639 2959 quorum
1677 2882 1872 2957 cuique
1912 2891 2000 2934 an-

306 2998 413 3044 ‘tea
453 2989 672 3043 aculeus
711 2987 996 3053 insederat,
1037 2988 1239 3043 crenati
1276 2997 1442 3043 erant.
1517 2985 1663 3043 Num
1690 2986 1854 3041 etiam
1888 2986 2000 3058 jam

327 3093 659 3167 reliquorum
712 3091 1023 3147 aculeorum
1071 3111 1194 3165 pars
1245 3091 1560 3158 decidisset,
1599 3082 1997 3154 nesciocerto3

329 3197 424 3251 scd
474 3207 763 3271 postquam
821 3193 1079 3269 penicillo
1142 3194 1298 3251 molli
1356 3195 1710 3250 absterseram
1764 3210 1993 3256 vermes,

331 3304 494 3355 etiam
545 3301 764 3355 aculeos
812 3298 939 3354 colli
989 3297 1335 3372 corporisque
1382 3302 1488 3352 una
1527 3316 1651 3352 cum
1687 3310 1996 3352 Iul-leover-
