2111 3622
668 192 1110 251 -107-

68 335 143 390 ita
192 331 389 407 pariter
434 332 513 388 illi
561 331 748 388 noduli
795 331 852 385 in
904 330 1072 385 altero
1118 330 1285 385 latere
1324 333 1493 406 magis
1532 332 1724 390 elevati

72 436 552 511 conspiciebantur,
611 435 744 488 adeo
790 421 860 487 in⁸
897 433 1065 487 altero
1113 431 1218 506 ipsi
1263 432 1423 505 plane
1460 455 1569 490 non
1607 437 1726 493 ade-

70 548 208 594 rant.
280 537 593 596 Foramina
635 536 980 592 articulorum
1001 534 1288 611 genitalia
1314 554 1578 610 nusquam
1606 559 1727 595 con-

73 641 242 716 spexi.

217 741 340 816 Ipse
397 740 588 796 harum
637 741 959 797 'Taeniarum
1018 740 1266 795 inventor
1319 740 1427 796 alio
1485 749 1730 817 tempore

74 844 235 900 etiam
271 844 328 898 in
353 844 696 899 Falconibus
729 844 933 899 naevio
971 852 1026 898 et
1060 861 1275 915 cyaneo
1302 843 1598 918 specimina
1623 844 1733 902 huc

72 946 396 1022 pertinentia
444 946 659 1022 reperit,
724 955 780 1001 et
825 945 1044 1021 quidem
1093 945 1149 999 in
1186 945 1457 1002 intestinis
1494 948 1640 1006 illius
1679 949 1730 1004 d.

76 1051 162 1104 12.
209 1049 359 1104 Junii
409 1050 585 1116 1826„
646 1048 807 1122 hujus
855 1049 904 1102 d.
955 1049 1043 1103 24.
1081 1048 1264 1104 Octbr.
1305 1050 1460 1107 1823.
1536 1052 1734 1110 Omnia

75 1151 339 1208 benevole
377 1170 594 1206 mecum
633 1150 1022 1205 communicata
1061 1157 1202 1205 sunt.

219 1253 318 1307 Illa
358 1273 387 1308 e
415 1253 668 1308 Falcone
703 1252 905 1308 naevio
944 1272 1054 1307 non
1093 1263 1259 1321 erant,
1298 1255 1401 1310 nisi
1440 1255 1734 1332 fragmenta

76 1358 315 1432 quinque
354 1355 527 1431 capite
567 1354 710 1408 orba.

223 1459 475 1514 Primum
522 1477 708 1512 eorum
757 1458 1016 1532 pollicem
1061 1467 1116 1514 et
1160 1479 1358 1516 novem
1403 1462 1575 1519 lineas
1621 1465 1735 1520 lon-

67 1583 217 1636 gum,
260 1561 433 1616 antice
469 1558 624 1616 valde
664 1569 843 1626 tenue,
883 1561 1107 1635 postice,
1148 1562 1239 1615 ubi
1280 1564 1574 1620 abscissum
1605 1579 1734 1636 erat,

64 1664 460 1738 ·sesquilineam
508 1664 705 1730 latum,
767 1663 962 1716 album.
1049 1663 1177 1719 Pars
1227 1667 1458 1722 anterior
1504 1671 1610 1726 late
1654 1692 1737 1726 ru-

76 1787 222 1841 gosa,
278 1767 488 1841 reliqua
536 1766 706 1820 multo
755 1765 964 1839 longior
1012 1768 1313 1842 composita
1349 1770 1588 1826 articulis
1624 1771 1738 1828 bre-

74 1870 330 1937 vissimiS,
380 1869 605 1936 obtusis,
658 1888 755 1943 per
791 1888 926 1942 quos
966 1869 1274 1925 decurrebat
1312 1872 1454 1926 linea
1492 1875 1739 1930 mediana

3 1979 5 1981 ’
79 1973 439 2046 albo-opaca.

224 2076 535 2131 Secundum
591 2083 714 2129 octo
772 2074 943 2130 lineas
996 2073 1247 2148 longum,
1309 2078 1484 2133 antice
1539 2079 1739 2137 lineam

77 2178 235 2233 tertia
271 2178 432 2250 hujus
469 2186 619 2252 parte
659 2177 940 2231 latitudine
979 2197 1256 2252 superans,
1287 2182 1517 2255 ‘postice
1554 2203 1739 2260 perpa-

77 2301 199 2336 rum
225 2280 402 2358 latius,
444 2280 644 2346 album,
685 2279 924 2335 articulis
961 2279 1308 2350 brevissimis,
1349 2304 1579 2357 quorum
1607 2307 1739 2342 mar·

81 2384 232 2457 gines
268 2383 519 2437 laterales
559 2382 803 2449 convexi,
843 2384 1026 2455 anguli
1062 2385 1328 2454 subacuti,
1365 2406 1550 2462 margo
1577 2389 1742 2464 posti-

82 2507 176 2542 cus
225 2484 433 2539 articuli
479 2483 754 2557 sequentis
800 2494 1010 2558 partem
1056 2487 1333 2564 obtegens.
1413 2488 1585 2545 Linea
1632 2512 1742 2548 me·

83 2589 237 2643 diana
285 2586 566 2662 paululum
616 2587 849 2655 elevata,
905 2587 1035 2644 satis
1073 2589 1209 2659 lata,
1266 2612 1363 2666 per
1406 2601 1584 2648 totum
1645 2595 1740 2650 sra-

63 2700 359 2767 -gmentum
397 2688 725 2743 decurrebat.

236 2792 481 2850 Tertium
540 2792 674 2846 duos
730 2792 957 2866 pollices
1017 2804 1072 2849 et
1122 2805 1229 2853 tres
1280 2796 1451 2854 lineas
1500 2798 1740 2873 longum,

83 2896 282 2970 ubique
339 2896 546 2950 circiter
602 2895 986 2968 sesquilineam
1033 2899 1231 2967 latum,
1295 2912 1518 2978 excepta
1564 2903 1742 2958 media

84 3008 234 3073 parte
282 2998 451 3072 magis
503 3007 739 3065 extensa,
800 2998 1035 3074 indeque
1078 3003 1340 3059 tenuiore.
1417 3004 1582 3059 Color
1616 3005 1745 3060 albi-

86 3102 200 3156 dus.
289 3101 517 3155 Articuli
567 3101 727 3154 etiam
775 3101 1086 3176 perbreveS,
1141 3106 1471 3180 marginibus
1516 3107 1742 3163 laterali·

84 3205 184 3260 bus
225 3202 495 3269 convexiS,
534 3203 740 3278 postico
779 3205 994 3285 tumido(
1024 3226 1183 3283 supra
1222 3209 1499 3284 sequentis
1535 3220 1744 3286 partem
