2111 3622
723 186 1119 244 —79—

497 733 1338 813 OBSERVATIONES

877 871 959 908 DE

613 951 1224 1015 CESTOIDEIS.

822 1089 1026 1096 --.-—-—-—-

303 1181 404 1236 DE
442 1178 991 1235 TRIAENOPHORI
1026 1177 1525 1235 FORAMINIBUS

666 1281 1171 1337 GENITALIBUS.

229 1430 312 1484 Ill.
350 1428 708 1504 Rudolplzi
745 1428 1136 1504 Triaenophori
1186 1430 1444 1484 foramina
1489 1430 1745 1503 margine„

86 1533 155 1586 lia
203 1533 306 1588 sibi
354 1553 463 1586 non
508 1533 648 1599 visa,
713 1552 743 1585 a
787 1531 1158 1586 Pallassio
1189 1535 1256 1602 ¹),
1324 1531 1572 1587 Goezio
1600 1535 1642 1602 2)
1692 1544 1749 1588 et

86 1635 347 1690 Zedero
376 1639 419 1705 3)
470 1644 650 1689 autem
698 1635 1006 1701 observata,
1067 1634 1123 1688 in
1174 1634 1534 1708 descriptione
1586 1633 1746 1709 hujus

85 1738 281 1794 vermis
302 1740 344 1808 4)
384 1758 600 1811 prorsus
636 1738 838 1812 rejecit,
897 1736 1042 1812 quod
1078 1756 1205 1793 vero
1242 1738 1511 1794 immerito
1550 1738 1749 1794 facium

88 1861 224 1907 esse,
285 1841 685 1896 observationes
733 1861 888 1896 meae
937 1861 1026 1895 me
1074 1840 1386 1895 docuerunt.
1476 1840 1554 1895 Ea
1602 1841 1748 1896 enim

86 1942 403 2019 saepissime
450 1943 726 2018 conspexi,
789 1954 843 1999 et
889 1964 1103 2018 semper
1149 1945 1300 2010 ade0‚
1357 1938 1405 2000 si
1452 1945 1748 2018 specimina

85 2048 247 2103 nimis
304 2049 518 2121 juvenia
577 2047 870 2122 excipiam,
931 2047 1117 2102 adesse
1170 2046 1347 2101 credo·
1441 2045 1559 2101 Sita
1602 2058 1747 2114 sunt,

84 2147 165 2204 uti
207 2147 499 2205 Goezins
547 2146 611 2218 (l.v
652 2153 729 2219 c.)
783 2159 926 2205 recte
965 2150 1271 2216 delineavit,
1330 2149 1469 2205 serie
1507 2170 1639 2224 vage
1678 2151 1751 2205 al-

85 2261 251 2320 terna,
309 2253 367 2307 in
413 2273 607 2327 magno
654 2254 741 2309 vel
788 2253 1025 2307 maximo
1073 2263 1245 2308 tractu
1290 2251 1530 2328 postic03
1586 2274 1750 2330 saepe

83 2356 392 2429 prominent
430 2366 486 2410 et
522 2357 762 2429 margine
798 2356 1005 2411 tumido
1046 2357 1304 2411 instructa
1341 2365 1483 2411 sunt.
1557 2356 1641 2410 Ab
1680 2357 1748 2412 iis

84 2457 278 2513 ductus
325 2457 438 2511 abit
481 2466 566 2513 sat
613 2459 839 2532 amplus,
897 2459 1179 2534 paululum
1227 2467 1491 2525 curvatus,
1551 2460 1644 2532 qui
1690 2459 1747 2515 in

83 2559 263 2614 medio
310 2553 495 2614 lateris
540 2561 736 2616 vermis
785 2561 1115 2635 terminatur.
1193 2556 1517 2635 Quicunque
1564 2561 1747 2618 videre

82 2661 196 2717 vult
243 2661 378 2718 haec
426 2663 685 2718 foramina
733 2673 787 2718 et
836 2682 1021 2719 eorum
1062 2663 1271 2730 ductus,
1328 2664 1490 2719 lentis
1529 2684 1633 2740 ope
1670 2665 1746 2719 in-

81 2764 276 2840 spiciat
331 2782 542 2822 vermes
599 2776 842 2823 recentes
897 2786 1067 2842 aquae
1118 2766 1341 2841 frigidae
1389 2784 1488 2841 per
1524 2766 1746 2843 aliquod

203 2985 245 3036 1)
275 2986 456 3035 Elench.
488 2986 713 3054 Zoophyt.
745 3005 792 3052 p.
827 2987 924 3034 413.
956 2986 1215 3039 (secundum
1245 2991 1427 3036 Goe'ze
1456 3000 1500 3034 et
1538 2985 1743 3033 Radal-

119 3060 215 3109 hi.)

75 3078 111 3123 p
194 3142 241 3197 2)
270 3148 559 3212 Naturgesch.
590 3163 637 3212 p.
668 3146 767 3196 423.
796 3144 911 3195 Ta'b.
943 3148 1136 3198 XXXIV
1139 3163 1153 3195 i
1181 3151 1275 3211 Fig.
1305 3147 1350 3195 3.

191 3234 240 3287 3)
270 3240 386 3282 Erst.
415 3237 607 3297 Nachtr„
633 3254 679 3300 p.
710 3231 811 3282 217.

192 3321 240 3373 4)
270 3326 508 3371 Ento‘zool.
541 3329 602 3371 ΙΙ.
634 3323 675 3370 ‘2-
706 3343 750 3390 p.
782 3323 854 3371 34.
887 3323 959 3370 36.
