2111 3622
991 160 1435 220 -108-

376 315 674 384 protensa·
723 300 982 360 Ovarium
1026 301 1237 376 insigne
1285 298 1526 357 medium
1571 300 1814 360 omnium
1850 303 2040 360 articu.

374 411 586 467 lorum,-

527 513 806 587 Quartum
840 509 1099 586 pollicem
1135 507 1487 581 longitudine,
1544 508 1932 582 sesquilineam
1965 511 2038 566 la-

372 617 603 674 titudine
642 634 897 688 aequans,
936 612 1175 669 articulis
1213 612 1322 669 illis
1352 613 1495 668 tertii
1523 612 1811 680 similibus,
1849 633 2039 670 verum

363 721 611 795 margine
647 719 861 794 postico
899 718 1078 798 minus
1115 716 1342 771 tumido.
1427 716 1622 773 Ovaria
1659 717 1837 773 media
1872 711 2037 793 saepe

368 826 428 882 in
451 823 688 882 'modum
724 821 914 877 noduli
949 820 1106 876 valde
1146 820 1370 875 elevata.
1411 857 1414 860 -

521 927 787 1001 Quintum
821 925 1080 1001 pollicem
1129 935 1184 979 et
1231 924 1363 980 duas
1406 924 1577 979 lineas
1626 924 1868 997 longum,
1926 943 2035 981 sor-

368 1033 481 1089 didi
513 1030 733 1098 ·coloris,
793 1028 1053 1085 articulos.
1085 1027 1374 1084 exhibebat
1411 1027 1822 1086 diversissimos.
1909 1026 2033 1086 Plu-

364 1137 490 1194 rimi
536 1145 686 1191 erant
734 1133 802 1187 ad
848 1132 1134 1189 minimum
1183 1141 1372 1206 quater
1408 1132 1629 1188 latiores
1666 1152 1830 1207 quam
1865 1132 2031 1205 longi,

363 1242 567 1296 lineam
611 1257 786 1312 usque
835 1237 903 1291 ad
947 1236 1334 1310 sesquilineam
1370 1235 1484 1302 lati,
1538 1236 1867 1311 marginibus
1904 1236 2033 1291 late-

363 1345 565 1400 ralibus
604 1339 877 1406 convexiS,
918 1339 1128 1411 angulis
1166 1338 1461 1411 generatim
1499 1339 1862 1407 acutiusculis‚
1901 1340 2034 1395 licet

362 1447 506 1502 haud
544 1443 895 1511 exstantibus,
951 1441 1191 1514 margine
1228 1441 1437 1515 postico
1474 1441 1883 1509 tumidiusculo,
1941 1463 2032 1518 pa-

361 1570 484 1606 rum
528 1568 691 1623 supra
737 1545 1025 1601 articulum
1071 1553 1391 1618 sequentem
1437 1545 1829 1620 progrediente.
1918 1535 2030 1602 Ali->

357 1662 493 1729 quot
541 1651 889 1706 articulorum
933 1649 1263 1703 anteriorum
1300 1657 1449 1702 erant
1485 1648 1623 1702 ultra
1659 1657 1905 1703 naturam
1943 1669 2030 1704 ex-

357 1756 516 1824 tensi,
555 1755 788 1829 ideoque
825 1753 1006 1808 minus
1043 1753 1139 1807 lati
1176 1761 1428 1827 respectu
1456 1751 1827 1825 longitudinis.
1889 1753 2029 1823 Qua-

348 1870 482 1917 tuor
530 1857 739 1914 articuli
785 1855 963 1912 ultimi
1009 1875 1228 1930 prorsus
1275 1855 1507 1910 alienam
1553 1875 1582 1909 a
1630 1855 1851 1930 reliquis
1899 1856 2028 1931 figu-

356 1984 472 2020 ram
500 1962 796 2017 habebant:
836 1960 1041 2035 primus
1079 1960 1281 2014 lineam
1318 1960 1410 2014 vix
1446 1959 1658 2032 longus,
1697 1980 1888 2035 parum
1912 1961 2025 2028 lonss

357 2067 474 2141 gior
521 2085 684 2139 quam
731 2065 897 2129 latus,
952 2063 1216 2117 referebat
1260 2062 1486 2135 figuram
1533 2062 1815 2134 ellipseos,
1873 2066 2024 2137 cujus

354 2169 478 2226 finis
525 2168 662 2223 alter
709 2167 780 2222 sit
822 2174 1119 2231 truncatus,
1184 2165 1278 2239 qui
1324 2165 1484 2238 hujus
1534 2166 1745 2220 articuli
1793 2167 2026 2221 anterior

355 2281 484 2329 erat.
561 2271 697 2326 Tres
735 2269 950 2343 reliqui,
990 2269 1193 2322 lineam
1238 2267 1575 2341 longitudine
1612 2277 1930 2342 superantes
1967 2279 2023 2324 et

353 2374 636 2430 dimidium
673 2372 1023 2446 longitudinis
1061 2391 1192 2427 suae
1229 2370 1341 2438 lati,
1382 2381 1532 2426 crant
1568 2371 1677 2426 fere
1711 2372 2022 2447 parabolici.

353 2479 612 2536 Ovarium
650 2478 813 2532 etiam
849 2476 1045 2530 horum
1083 2474 1430 2529 articulorum
1467 2475 1708 2529 medium
1745 2474 1984 2528 ornabat.

498 2581 561 2635 In
589 2581 843 2636 Falcone
880 2598 1094 2652 cyaneo
1131 2579 1272 2632 inter
1309 2578 1617 2652 complures
1644 2577 1874 2633 Taenias
1913 2579 2022 2649 glo-

351 2685 544 2740 biferas
568 2685 616 2739 S
621 2684 765 2738 clzil
774 2683 824 2738 li
833 2681 950 2756 ngi
959 2701 1031 2737 ns
1064 2681 1317 2736 Taeniae
1340 2680 1820 2756 margaritiferae
1835 2683 1876 2750 ι)
1902 2700 2019 2754 spe-

351 2787 530 2842 cimen
585 2786 809 2840 unicum
867 2784 1043 2859 capite
1102 2785 1342 2857 gaudens
1394 2794 1447 2840 et
1494 2783 1854 2857 fragmentum
1899 2782 2019 2838 sine

349 2889 526 2965 capite
563 2898 847 2962 repererat.

471 3097 514 3148 1)
543 3102 723 3146 Nomen
751 3096 1113 3141 substantivum:
1145 3098 1300 3149 Per-la,
1332 3109 1378 3142 et
1407 3097 1700 3159 Adjectivum
1729 3096 1787 3140 ab
1817 3111 1869 3140 eo
1898 3095 2015 3139 deri-

348 3183 530 3217 vatum:
561 3172 793 3224 Pet-latus,
825 3188 871 3222 a,
903 3186 996 3223 um,
1025 3169 1171 3212 bonae
1200 3168 1442 3214 latinitatis
1472 3186 1566 3213 non
1595 3179 1716 3219 sunt,
1746 3166 2014 3229 mallemque

349 3245 452 3288 ideo
482 3255 681 3289 nostram
710 3243 927 3286 Taeniam
956 3243 1112 3287 vocari
1141 3241 1584 3299 margaritiferam,
1623 3240 1746 3304 quod
1775 3236 2011 3302 epitheton

351 3318 400 3359 in
429 3334 526 3361 cam
557 3316 740 3378 quidem
768 3316 884 3360 bene
913 3314 1146 3376 competit.
