2111 3622
976 200 1385 259 ...18—

450 345 506 414 2)
545 342 850 418 complures
889 362 919 397 e
958 339 1233 396 bronchiis
1272 339 1463 405 lectoS‚

452 448 507 517 3)
545 446 838 501 nonnullos
885 445 1027 500 vasis
1065 442 1385 516 sanguiseris
1437 443 1760 518 pulmonum
1797 438 2010 500 frustuli

561 535 739 603 ¹adhuc
777 548 1134 602 inhaerentes.

494 654 546 723 1)
573 651 617 706 Ii
657 672 686 706 e
711 651 879 726 plexu
918 659 1068 706 erant
1103 657 1354 724 respectu
1382 668 1570 704 eorum
1609 668 1638 703 e
1663 647 2012 723 pulmonibus
2041 707 2043 709 .

340 756 490 831 parvi
527 785 601 796 ——-
637 755 923 820 maximus,
965 773 1128 828 quem
1154 773 1375 808 mensus
1404 772 1544 819 sum,
1583 751 1840 826 pollicem
1868 750 2013 805 haud

340 857 633 932 attingebat
670 889 742 899 —-
778 866 988 924 tenues,
1031 856 1230 912 coloris
1268 855 1484 936 sordide
1529 855 1692 929 grisei
1730 874 1793 910 ac
1830 854 2010 945 lucide

339 961 504 1031 fusci3
543 981 731 1016 omnes
771 971 1044 1016 caeterum
1080 960 1205 1035 plus
1244 959 1334 1016 vel
1372 959 1552 1015 minus
1592 958 1846 1034 corrupti,
1885 967 2012 1014 cute

340 1064 542 1130 inflata,
594 1065 854 1120 contracti
901 1065 1173 1138 ruptique.
1253 1065 1442 1138 Caput
1487 1063 1620 1119 satis
1658 1071 2012 1138 attenuatum,

340 1177 662 1233 truncatum,
704 1187 800 1222 ore
839 1168 1040 1242 amplo,
1092 1166 1364 1234 circulari,
1416 1166 1578 1222 nudo,
1657 1164 1812 1221 Cutis
1859 1184 1889 1220 a
1928 1183 2009 1221 ca-

339 1271 453 1345 pile
492 1281 552 1324 ut
590 1270 884 1346 plurimum
912 1271 1255 1345 corruptione
1287 1280 1511 1338 remota,
1553 1269 1707 1345 quasi
1742 1277 2011 1345 protracta

340 1374 422 1429 uti
462 1373 670 1446 vagina,
719 1373 1152 1429 distinctissimas
1201 1374 1358 1430 fibras
1406 1371 1823 1447 longitudinales
1860 1391 2011 1427 mon-

341 1477 563 1543 strabat,
604 1476 889 1532 circulares
929 1477 1124 1531 nullas.
1201 1476 1348 1531 Inter
1385 1475 1807 1541 multitudinem,
1847 1495 2012 1549 quam

340 1578 576 1634 examini
615 1600 713 1655 per
760 1580 1181 1654 microscopium
1230 1579 1463 1653 subjeci,
1512 1599 1682 1633 unum
1729 1566 2031 1654 specimen*

338 1683 517 1738 solum
562 1682 794 1738 habebat
841 1692 1002 1757 caput
1050 1682 1660 1750 rotundato-obtusum,
1723 1690 1777 1737 et
1821 1701 1882 1738 os
1931 1681 2007 1736 in-

338 1785 668 1841 distinctum.
745 1785 932 1860 Usque
972 1787 1038 1840 ad
1076 1786 1316 1841 medium
1357 1786 1567 1841 circiter
1616 1785 1844 1841 eandem
1891 1803 2011 1839 cor·-

331 1908 443 1963 pus
487 1888 756 1944 retinebat
804 1890 1127 1957 crassitiem,
1177 1889 1304 1944 inde
1355 1908 1483 1944 vero
1523 1889 1590 1943 ad
1628 1887 1854 1943 caudam
1891 1907 2008 1943 sen-

337 1991 444 2047 sim
483 1991 873 2059 attenuabatur,
924 2002 978 2048 et
1029 1993 1199 2048 multo
1249 1992 1439 2048 fortius
1479 1993 1701 2067 quidem
1739 2011 1902 2067 quam
1940 1991 2007 2044 ad

337 2104 513 2169 caput.
592 2095 797 2149 Gauda
847 2095 914 2149 ob
964 2097 1168 2151 malum
1216 2105 1419 2151 statum
1465 2115 1577 2149 non
1625 2104 1770 2150 recte
1817 2094 2004 2168 dijudi-

336 2194 545 2278 cabilis,
585 2215 716 2252 mox
753 2197 915 2272 plane
953 2208 1241 2266 attenuata,
1287 2217 1418 2253 mox
1456 2197 1513 2250 in
1550 2197 1659 2252 fine
1695 2197 2004 2261 incrassata,

334 2320 551 2375 semper
587 2299 780 2356 obtusa
819 2311 945 2356 erat.
1020 2301 1206 2357 Sexus
1254 2300 1582 2355 discrimina
1635 2301 1791 2355 nullo
1840 2299 2006 2354 modo

336 2402 575 2460 invenire
613 2402 758 2457 valui
771 2424 788 2472 ;
825 2422 938 2458 ova
976 2403 1032 2458 in
1071 2405 1277 2478 aliquot
1315 2403 1703 2478 speciminibus
1743 2402 2004 2479 conspexi

336 2526 549 2562 summa
588 2505 743 2580 copia
782 2508 1134 2574 accumulata,
1174 2528 1353 2582 parva,
1393 2507 1722 2582 irregularia.

482 2610 538 2679 2)
577 2609 855 2684 Strongyli
894 2630 924 2664 e
964 2610 1235 2666 bronchiis
1275 2611 1402 2666 lecti
1443 2613 1550 2685 jam
1590 2610 1764 2667 multo
1801 2611 2004 2683 majore

334 2712 705 2785 magnitudine
744 2713 810 2766 ab
836 2713 903 2769 iis
931 2713 1191 2787 plexuum
1217 2733 1543 2771 venosorum
1569 2713 1808 2769 distincti
1834 2719 1999 2765 erant.

332 2812 446 2868 Sed
483 2813 620 2868 aliae
658 2814 988 2871 differentiae
1047 2817 1312 2873 notabiles
1359 2826 1633 2892 praeterea
1670 2815 1730 2869 in
1778 2832 2001 2888 conspe-

335 2925 482 2971 ctum
519 2915 821 2971 veniebant.
898 2917 1084 2974 Status
1113 2939 1299 2974 eorum
1337 2940 1508 2993 aeque
1547 2914 1722 2974 malus
1769 2926 1898 2983 erat,
1938 2935 2002 2970 ac

333 3018 496 3073 modo
543 3017 950 3093 descriptorum.
1025 3020 1346 3094 Longitndo
1393 3042 1610 3096 semper
1654 3021 1838 3096 plures
1885 3018 1998 3092 pol·
2054 3010 2066 3015 ”

332 3122 465 3178 lices
522 3121 818 3196 aequabat,
889 3122 1114 3176 maximi
1168 3142 1264 3178 sex
1323 3134 1377 3179 ct
1429 3124 1714 3179 dimidium
1768 3121 1997 3182 circiter.

334 3223 637 3278 Crassilies
673 3223 879 3278 ratione
928 3223 1280 3297 longitudinis
1318 3227 1500 3282 habita
1540 3227 1730 3301 exigua
1769 3234 1899 3290 erat,
1937 3208 2000 3277 ut

329 3324 554 3384 Filarias
600 3325 811 3400 potius,
872 3345 1034 3399 quam
1084 3325 1404 3403 Strongylos
1465 3329 1773 3386 examinare
1833 3324 1999 3414 credi-
