2111 3622
725 237 1169 295 -13322

635 372 1255 431 ADDITAMENTUM.

59 466 61 468 ¹
125 465 212 522 Ad
247 486 367 540 pag.
417 464 541 518 112.

105 558 111 566 ’
268 558 416 611 Dum
482 553 805 630 opusculum
868 554 968 612 sub
1030 553 1182 629 prelo
1245 557 1355 629 jam
1420 558 1600 624 sudat,
1677 578 1780 613 am.

122 648 585 709 Hor-nschuclz
641 647 814 703 adhuc
861 648 1028 705 mittit
1083 648 1481 704 multitudinem
1543 651 1781 707 Taenia-

123 763 245 801 rum
291 741 859 817 margaritiferarum
907 761 936 797 a
993 741 1156 796 Sclci
1166 742 1221 796 ll
1231 742 1418 816 ingio
1480 753 1664 798 nostro
1725 744 1778 798 d.

127 837 179 891 6.
218 835 369 890 Junii
411 836 570 891 1828.
618 835 676 889 in
715 835 810 890 int.
885 834 1158 890 Falconis
1204 835 1406 909 cyanei
1453 835 1672 891 feminei
1709 857 1787 892 re-

126 938 334 1003 pertam
385 929 716 985 excellenter
762 937 1221 994 conservatarum,
1267 949 1420 1004 quae.
1467 939 1652 1003 aptum
1696 949 1787 986 me

124 1023 371 1086 reddunt,
410 1033 471 1078 ut
508 1033 561 1078 et
600 1023 1022 1099 descriptionem
1058 1022 1218 1096 hujus
1256 1022 1458 1096 speciei
1495 1023 1783 1079 distinctis-

125 1116 294 1172 simae
346 1118 629 1192 perficere,
694 1126 748 1172 et
796 1116 1156 1172 characterem
1203 1116 1351 1172 illius
1389 1116 1527 1171 bene
1567 1117 1786 1178 definire

126 1211 349 1285 possim.
388 1241 461 1252 --

271 1301 470 1356 Omnia
531 1302 828 1377 specimina
879 1301 1105 1356 candida
1151 1311 1277 1357 sunt
1323 1322 1386 1357 ac
1443 1303 1789 1378 pellucidula.

126 1394 448 1467 Longitudo
488 1395 651 1449 etiam
689 1395 940 1461 maximi,
981 1395 1128 1469 quod
1164 1395 1374 1464 inveni,
1414 1405 1521 1453 tres
1560 1399 1790 1471 pollices

126 1507 239 1542 non
277 1497 371 1542 aut
408 1488 498 1542 vix
533 1498 766 1563 superat.
840 1487 1119 1542 Latitado
1169 1498 1225 1543 et
1268 1489 1323 1543 in
1364 1490 1571 1563 postica
1610 1511 1794 1567 corpo-

129 1582 203 1639 ris
241 1591 392 1655 parte
431 1582 770 1636 semilineam
807 1601 1074 1656 nusquam
1112 1582 1246 1636 adeo
1296 1584 1523 1656 attingit.
1558 1638 1561 1641 ,
1603 1586 1792 1658 Caput

132 1676 197 1729 ab
237 1677 410 1730 antica
448 1676 582 1731 facie
620 1685 918 1750 spectatum
957 1675 1021 1728 ab
1048 1674 1252 1729 osculis
1288 1686 1541 1750 quattuor
1562 1681 1788 1753 magnis,

112 1769 378 1837 tumidis,
428 1768 765 1835 lateralibus,
815 1768 1094 1843 ellipticis‚
1146 1777 1508 1842 tetragonum,
1558 1793 1586 1826 a
1627 1774 1792 1829 latere

131 1873 452 1938 spectatum,
492 1861 560 1916 ob
601 1862 791 1916 eadem
831 1861 1011 1916 oscula
1050 1871 1331 1937 tantopere
1371 1864 1578 1921 elevata
1617 1868 1791 1922 antice

57 2027 63 2030 ᾖ
133 1957 456 2032 impressum
496 1966 730 2030 apparet,
772 1941 1042 2010 caeterum
1079 1957 1451 2025 rotundatum,
1490 1960 1790 2033 parvulum,

130 2049 558 2112 breviusculum‚
607 2048 816 2123 postice
864 2049 1180 2105 decrescens
1228 2052 1535 2125 paululum,
1588 2055 1792 2111 sensim

133 2144 190 2197 in
228 2145 430 2198 collum
467 2142 592 2197 abit.
640 2142 887 2197 Rostelli
923 2144 978 2197 in
1019 2145 1268 2199 omnibus
1307 2146 1695 2219 speciminibus
1722 2169 1791 2203 ne

134 2228 421 2311 vestigium
459 2237 695 2311 quidem.
758 2236 973 2294 Collum
1011 2238 1077 2291 ad
1115 2239 1470 2311 semipollicis
1509 2240 1791 2315 longitudi-

133 2350 261 2383 nem
300 2331 511 2386 circiter
547 2351 605 2386 se
645 2330 940 2386 extendens
972 2332 1147 2405 capite
1185 2352 1377 2406 parum
1404 2335 1696 2406 angustum,
1738 2345 1792 2390 et

136 2442 480 2496 nequaquam
526 2423 801 2488 filisorme‚
869 2423 966 2478 sed
1023 2444 1239 2499 semper
1291 2426 1638 2482 latiusculum
1695 2440 1789 2485 est.

135 2516 329 2570 Antica
368 2519 482 2590 ejus
520 2536 642 2589 pars
681 2515 860 2589 capiti
879 2517 1123 2590 proxima
1162 2539 1324 2593 saepe
1367 2520 1520 2593 quasi
1551 2521 1791 2578 obsolete

138 2609 411 2664 articulata
453 2629 572 2663 esse
609 2608 843 2676 videtur,
893 2611 990 2665 sed
1026 2610 1132 2666 hoc
1170 2612 1274 2679 nil,
1313 2613 1418 2667 nisi
1456 2634 1613 2687 rugas
1653 2636 1789 2680 esse,

136 2702 519 2777 contemplatio
547 2703 839 2776 sequentiS,
878 2704 1208 2778 posterioris,
1229 2707 1412 2780 =par1is
1449 2727 1579 2762 mox
1618 2708 1790 2776 docet,

138 2816 276 2871 quae
317 2795 536 2850 omnino
574 2797 740 2851 laevis
778 2818 837 2853 se
877 2797 1110 2852 exhibet.
1186 2798 1439 2855 Latitudo
1478 2804 1792 2858 vermiculo-

139 2910 260 2943 rum
299 2909 328 2942 a
369 2889 510 2946 collo
548 2910 646 2964 per
683 2910 874 2966 corpus
912 2894 1118 2948 sensim
1156 2895 1363 2961 crescit,
1404 2895 1461 2948 in
1488 2896 1679 2950 ultima
1719 2917 1793 2952 ar-

143 2967 431 3036 ticulorum
467 2987 604 3039 serie
642 2984 911 3039 interdum
947 2986 1145 3040 iterum
1182 2989 1403 3062 paulum
1439 2988 1792 3045 imminuitur.

140 3074 386 3132 Articuli
420 3078 580 3150 primi
618 3077 935 3147 brevissimi,
976 3080 1153 3136 obtusi
1191 3090 1346 3150 sunt3
1384 3101 1512 3150 mox
1538 3101 1663 3137 vero
1706 3103 1790 3138 an-

142 3169 246 3222 tica
285 3188 472 3224 eorum
518 3191 640 3245 pars
688 3173 967 3247 paululum
1016 3175 1360 3230 contrahitur.
1436 3175 1792 3251 Sequentium

140 3282 263 3336 pars
302 3263 535 3319 anterior
570 3285 784 3341 semper
821 3276 1090 3324 attenuata
1130 3277 1238 3335 est,
1302 3269 1568 3342 margines
1607 3270 1791 3326 latera·

139 3355 218 3410 les
257 3359 547 3431 generatim
588 3361 841 3430 convexi,
895 3382 1058 3438 saepe
1095 3362 1280 3431 valde,
1319 3372 1471 3430 sunt,
1520 3363 1789 3420 interdum
