2111 3622
716 182 1120 243 ...45—

94 323 225 392 fieri,
266 342 428 399 quam
465 342 582 377 rem
620 322 923 378 confirmari
975 340 1041 376 eo
1091 320 1366 395 opinatur,
1415 325 1560 397 quod
1595 324 1753 380 Echi-

93 426 393 500 norhynchi
433 427 487 480 in
528 446 688 480 muco
716 424 1007 480 intestinali
1047 424 1181 478 adeo
1219 423 1581 496 liquidissimo
1617 449 1755 484 sem-

91 551 190 605 per
226 529 434 584 flaccidi
473 539 527 583 et
563 529 745 602 rugosi
783 527 1132 604 reperiantur.
1207 525 1270 579 In
1297 526 1428 580 Ech.
1467 531 1756 586 tereticolli

93 633 288 688 eodem
323 652 470 697 vem,
508 632 564 686 in
603 652 711 706 quo
749 641 927 686 motus
965 628 1319 705 proboscidis,
1368 630 1531 685 etiam
1580 632 1757 688 obser-

93 735 229 802 vavi,
268 735 368 790 hos
407 755 616 790 vermes
655 735 708 790 vi
747 734 1018 808 praeditos
1058 753 1195 800 esse,
1246 733 1408 787 fluida
1446 754 1542 808 pro
1580 734 1759 790 lubitu

93 859 192 913 per
240 847 419 893 cutem
469 838 800 911 suscipiendi
856 846 912 891 et
960 836 1286 912 expellendi.
1374 837 1560 911 Aquae
1609 838 1759 893 enim

95 942 369 996 immissus
396 939 880 1013 Echinorhynchus
908 961 1062 995 meus
1091 959 1221 994 mox
1257 939 1586 1007 tumefiebat,
1626 961 1759 996 mox

95 1044 471 1117 corrogabatur
498 1052 552 1097 et
577 1042 944 1107 flaccescebat,
971 1044 1218 1116 talesque
1241 1044 1568 1099 mutationes
1595 1063 1762 1118 saepe

92 1146 382 1220 repetebat.
458 1144 519 1197 Si
568 1164 712 1198 nunc
760 1144 922 1198 etiam
970 1145 1265 1200 concedere
1315 1146 1559 1213 debeam,
1604 1146 1761 1201 Echi-

92 1246 435 1321 norhynchos
482 1247 632 1302 vivos
680 1247 738 1301 in
786 1247 1054 1303 intestinis
1094 1248 1412 1304 animalium
1450 1270 1568 1304 raro
1608 1253 1762 1320 (num

91 1352 425 1425 nunquam?)
474 1351 710 1404 tumidos
757 1351 995 1425 reperiri,
1042 1352 1147 1407 hoc
1185 1353 1365 1408 forsan
1404 1375 1433 1407 a
1472 1353 1665 1428 liquidi
1702 1353 1760 1409 in

94 1454 362 1509 intestinis
403 1455 642 1508 contenti
668 1474 883 1529 semper
909 1455 1138 1523 minore,
1177 1477 1340 1529 quam
1366 1478 1536 1532 aquae
1573 1477 1759 1533 purae,

95 1558 354 1611 tenuitate
404 1558 689 1632 dependet,
738 1568 792 1613 et
839 1560 956 1613 sine
1004 1559 1186 1624 dubio„
1239 1560 1368 1613 dum
1407 1560 1551 1632 viget
1587 1562 1645 1614 in
1684 1561 1760 1616 in-

94 1661 313 1728 testino,
353 1663 554 1734 majore
593 1662 773 1728 etiam,
814 1662 1039 1715 nimiam
1076 1660 1227 1716 fluidi
1267 1663 1479 1737 copiam
1518 1684 1548 1717 a
1587 1683 1646 1719 se
1686 1684 1761 1719 ar-

95 1764 271 1830 cendi,
310 1763 364 1817 vi
401 1764 667 1837 gaudebit,
718 1784 880 1837 quam
920 1785 1089 1839 aquae
1128 1767 1377 1820 fontanae
1425 1786 1607 1840 purae,
1657 1766 1763 1822 sibi

95 1866 322 1921 infestae
367 1877 420 1922 et
464 1887 594 1922 mox
639 1867 917 1922 lethiferae
967 1868 1240 1925 immissus
1287 1870 1518 1924 retinere
1566 1870 1763 1925 valeat.

96 1970 484 2025 Observatione
531 1991 652 2025 mea
699 1973 893 2026 saltem
941 1971 1218 2046 probatur,
1269 1992 1379 2026 non
1424 1973 1601 2027 solum
1639 1983 1767 2048 post

96 2082 325 2127 mortem
381 2072 957 2148 Echinorhynchorum
1009 2085 1188 2129 cutem
1246 2075 1408 2128 fluida
1459 2076 1760 2132 absorbere.

93 2173 165 2228 Ni
207 2175 361 2229 valde
400 2176 572 2243 fallor,
613 2177 677 2230 ab
717 2177 835 2232 aliis
873 2177 1338 2251 Echinorhynchis
1388 2179 1551 2233 etiam
1596 2200 1764 2254 quam

94 2278 329 2332 maxime
378 2280 598 2334 tumidis
652 2290 708 2335 et
754 2281 1014 2338 teretibus
1062 2282 1438 2356 proboscidem
1486 2303 1584 2355 per
1630 2293 1761 2339 tem-

94 2399 196 2453 pus
235 2381 506 2454 quoddam
542 2382 740 2438 retrahi
781 2395 835 2440 et
871 2386 1112 2459 protrudi
1151 2385 1427 2461 conspexi.

97 2556 194 2609 De
257 2554 732 2630 Echinorhynclzo
785 2560 1210 2634 globocaudato
1266 2561 1328 2616 Z
1333 2562 1415 2616 ed
1421 2562 1522 2616 eri
1576 2571 1634 2616 et
1691 2563 1764 2619 de

169 2659 558 2714 convenientia
584 2665 702 2734 ejus
729 2681 854 2716 cum
882 2664 1356 2738 Echinorhyncho
1373 2665 1690 2740 polyacan-

696 2764 890 2821 thaide
926 2786 1080 2823 meo.
1113 2772 1156 2840 ²)

242 2893 725 2970 Echinorhynchos
764 2899 1087 2974 complures,
1128 2920 1264 2975 quos
1304 2902 1352 2955 d.
1392 2903 1480 2957 23.
1519 2901 1762 2956 Januarii

102 2994 260 3050 1827.
297 2996 355 3050 in
384 2997 594 3072 Strigis
620 2999 888 3056 Alzcconis
913 3002 1170 3059 intestino
1195 3025 1516 3081 repereram,
1556 3013 1762 3060 attente

99 3099 535 3172 contemplandO,
584 3101 730 3157 haud
776 3126 968 3180 parum
1004 3108 1218 3181 gavisus
1256 3128 1395 3174 sum,
1449 3108 1505 3162 in
1544 3107 1610 3163 iis
1649 3125 1759 3163 om-

219 3323 263 3375 1)
291 3328 440 3373 Descr.
471 3329 522 3374 in.
552 3330 681 3376 ObsS.
713 3335 821 3379 meis
852 3335 908 3381 de
937 3338 1098 3382 Entoz.
1129 3339 1176 3382 P.
1210 3339 1245 3381 Ι.
1278 3352 1322 3399 p.
1355 3332 1427 3380 24.
