2111 3622
970 212 1373 272 ...32—

340 355 537 412 cimina
577 353 804 409 candido
841 354 1029 410 color-e
1072 353 1391 428 gaudebant.
1465 351 1787 428 Longitudo
1833 353 2003 430 speci-

338 460 502 516 minis
539 458 761 514 maximi
788 457 924 512 circa
951 457 1211 531 pollicem
1239 454 1517 530 aequabat.
1563 486 1636 500 -
1662 455 1842 510 Etiam
1866 457 2002 511 haec

339 562 636 640 specimina
672 581 813 617 novo
853 559 1088 616 examini
1124 558 1259 614 haec
1303 559 1598 634 scripturus
1634 559 1999 614 submittendo

342 667 523 723 omnia
561 665 734 719 adhuc
772 662 1151 719 candidissima
1179 670 1234 718 et
1259 663 1398 718 bene
1431 672 1744 719 conservata
1768 662 2001 718 offendo.

339 771 513 828 Valde
561 768 739 823 tenuia
789 776 929 822 sunt.
1002 766 1316 821 Attenuatio
1366 776 1668 822 antrorsum
1717 786 1881 841 quam
1923 786 2002 821 re·

338 885 572 931 trorsum
606 871 771 947 paulo
809 872 994 944 major.
1069 868 1467 925 flIembranam
1512 869 1752 944 corporis
1789 870 2003 926 latera-

340 979 448 1034 lem
485 996 594 1032 uno
633 976 690 1029 in
728 974 1025 1048 specimine
1065 993 1095 1028 e
1134 973 1424 1048 majoribus
1475 973 1881 1028 distinctissime
1927 973 2002 1028 vi-

341 1081 463 1148 deo,
503 1080 560 1134 in
599 1078 722 1145 alio,
762 1077 871 1133 fere
921 1077 1111 1133 eadem
1160 1076 1530 1152 magnitudine
1578 1077 1863 1151 gaudente,
1905 1076 2001 1131 mi-

340 1185 505 1240 nime.
580 1181 663 1236 Ibi
714 1191 797 1236 est
843 1180 1218 1247 subtilissima,
1268 1183 1380 1255 jam
1429 1189 1593 1254 caput
1630 1181 1794 1236 etiam
1830 1189 2001 1248 ornat,⁴

340 1307 555 1362 semper
591 1284 840 1340 subtilior
874 1283 1012 1339 facta
1051 1284 1275 1339 caudam
1310 1303 1496 1338 versus
1534 1283 1591 1338 in
1627 1292 1856 1358 utroque
1895 1302 2005 1338 cor-

339 1391 486 1466 poris
535 1389 700 1442 latere
749 1386 1026 1442 descendit
1075 1396 1130 1440 et
1178 1397 1301 1441 ante
1348 1385 1515 1440 finem
1564 1386 1793 1456 caudae,
1830 1407 2003 1460 usque

342 1494 407 1549 ad
447 1511 609 1567 quam
647 1489 896 1564 progredi
933 1487 1160 1555 videtur,
1200 1488 1420 1543 tandem
1458 1488 1746 1544 evanescit.

486 1595 690 1665 Quarto
729 1592 785 1646 in
822 1590 1094 1646 intestinis
1132 1590 1552 1646 Lavaretoram
1590 1591 1812 1648 Octobri
1863 1577 2033 1648 1825*

340 1709 549 1776 reperta
588 1695 884 1772 specimina
923 1695 1135 1769 singula
1172 1715 1350 1770 neque
1396 1696 1452 1751 in
1491 1694 1680 1751 Diario
1726 1695 2004 1773 descripsi,

338 1823 517 1879 neque
555 1799 778 1858 servavi.

488 1905 784 1982 Specimen
832 1911 1016 1958 contra
1068 1924 1098 1957 a
1143 1902 1568 1977 Sclzillingio
1618 1903 1667 1957 d.
1718 1907 1766 1962 7.
1804 1903 2005 1979 Aprilis

346 2013 486 2067 1825
524 2011 583 2064 in
635 2009 732 2063 int.
769 2008 858 2063 vel
905 2027 1028 2082 app.
1073 2007 1184 2082 pyl.
1231 2006 1517 2062 Lavareti
1561 2017 1855 2086 repertum-
1886 2027 2007 2089 exa-
2084 2011 2099 2027 “

342 2113 561 2169 minavi.
635 2110 879 2165 Habebat
925 2109 1195 2165 valvulam·
1241 2110 1429 2184 capitis
1479 2111 1610 2166 satis
1657 2131 1905 2184 magnas,
1953 2120 2008 2166 et

341 2236 545 2293 corpus
581 2215 714 2270 infra
765 2233 856 2268 eas
902 2211 1219 2267 tenuissima
1268 2212 1577 2267 membrana
1625 2214 1880 2287 utrinque
1929 2234 2007 2268 οι·-

343 2331 543 2376 natum.
621 2319 897 2387 Quantum
934 2315 1069 2370 haec
1108 2316 1332 2369 caudam
1360 2336 1545 2372 versus
1582 2317 1856 2391 procedat,
1896 2337 2007 2372 non

344 2422 580 2479 distinxi.
660 2422 874 2495 Corpus
912 2429 1213 2474 anti-orsum
1250 2420 1411 2492 paulo
1449 2419 1620 2494 magis
1657 2428 2006 2476 attenuatum.

345 2527 552 2582 Gauda
587 2523 781 2590 brevis,
822 2532 1112 2589 attenuata,
1154 2522 1358 2577 obtusa.

489 2627 614 2682 Non
651 2646 858 2693 vereor,
897 2646 966 2680 ne
1005 2625 1167 2681 nimis
1205 2627 1447 2700 prolixus
1487 2627 1659 2682 factus
1697 2626 1801 2681 sim
1838 2626 1894 2681 in
1922 2626 2006 2682 de·

344 2731 639 2788 scribendis
696 2730 781 2784 his
837 2729 1066 2803 singulis
1125 2729 1511 2802 speciminibus
1566 2730 1887 2784 Ascaridum
1949 2730 2006 2784 in

344 2833 622 2889 Lavaretis
659 2842 1014 2906 repertarum,
1056 2852 1181 2886 cum
1225 2834 1320 2886 tali
1366 2833 1529 2886 modo
1579 2831 2008 2904 Helminthologi

347 2937 545 2992 melius
584 2935 875 3008 dijudicare
917 2936 1145 3010 possint,
1185 2945 1365 2988 utrum
1390 2935 1456 2988 ad
1493 2935 1732 3009 speciem
1777 2937 1887 3009 jam
1923 2953 2009 2988 co·

346 3040 561 3114 gnitam
595 3037 904 3093 referendae
954 3039 1079 3104 sint,
1132 3057 1198 3090 an
1245 3057 1442 3092 novam
1488 3038 1717 3093 sortasse
1756 3037 2007 3092 efficiant.

347 3142 507 3213 Quod
546 3142 614 3194 ad
650 3161 739 3195 me
777 3140 984 3203 attinet,
1027 3140 1093 3192 ad
1130 3140 1464 3194 Ascuridem
1499 3140 2010 3215 obt-asocandatam

346 3246 615 3319 pertinere
655 3242 788 3298 mihi
826 3242 1089 3296 videntur.
1167 3240 1308 3296 Nam
1354 3263 1548 3319 corpus
1587 3244 1824 3319 postice‚
1879 3242 2009 3297 licet

345 3367 553 3420 parum,
604 3356 785 3402 tamen
823 3344 1120 3419 generatim
1161 3346 1389 3402 crassius
1438 3356 1538 3411 est,
1597 3367 1760 3420 quam
1813 3344 2008 3413 antice,
