2111 3622
791 180 1192 237 ...5-

156 320 393 394 speciem
429 318 644 372 nonnisi
681 318 737 371 in
775 318 964 393 spiritu
1001 318 1111 373 vini
1148 338 1245 392 per
1284 327 1493 391 tempus
1546 332 1808 377 servatam

153 412 587 486 observaveram,
637 429 863 494 excepto
901 419 995 474 illo
1035 419 1356 494 specimine,
1397 422 1543 493 quod
1579 423 1806 478 Novem-

153 523 232 578 bri
273 525 414 579 1822
453 522 778 577 offenderam
815 542 916 577 nec
952 533 1070 576 tum
1096 523 1316 596 quidem
1351 532 1593 576 accurate
1632 525 1805 598 inspe-

153 646 353 691 xeram,
394 625 494 678 ista
530 623 824 699 specimina
861 624 1094 680 recentia
1123 625 1188 678 ad
1222 623 1638 679 examinandum
1674 627 1805 685 mihi

154 728 309 783 obvia
346 727 499 781 avide
526 727 920 801 contemplatus
948 748 1087 795 sum,
1127 737 1182 782 et
1206 727 1521 801 praesertim
1557 726 1624 780 de
1648 746 1806 782 mem·

151 830 339 884 brana
376 839 536 904 caput
574 850 760 901 eorum
796 829 1092 884 obvelante
1127 849 1265 884 nova
1295 838 1350 884 et
1375 839 1674 883 memoratu
1699 829 1807 901 dig-

150 932 372 988 nissima
410 932 589 986 didici.
663 930 788 985 Non
841 941 924 986 est
971 930 1117 985 enim
1164 931 1258 984 illa
1305 931 1612 985 membrana
1661 951 1805 1005 pror·
1870 941 1873 945 “

150 1056 240 1089 sus
279 1034 513 1107 simplex
551 1042 606 1086 et
642 1033 838 1098 inflata,
879 1032 974 1087 sed
1012 1041 1339 1087 sustentatur
1383 1032 1547 1087 linei-5
1583 1032 1804 1088 circum-

149 1138 287 1190 circa
324 1135 639 1200 subtilibus,
678 1133 1050 1201 filiformibus‚
1101 1135 1286 1190 ordine
1326 1133 1551 1207 regulari
1589 1134 1802 1210 positiS,

147 1237 486 1312 superficiem
510 1237 689 1290 bullae
718 1224 1108 1310 superantibus.
1173 1237 1591 1311 Microscopium
1617 1257 1802 1292 eorum

146 1339 556 1414 dispositionem
599 1339 744 1393 haud
787 1349 973 1394 exacte
1022 1340 1231 1404 docuit,
1281 1339 1476 1394 melius
1525 1339 1643 1395 lens
1679 1340 1802 1395 sim-

67 1450 76 1453 “
145 1443 272 1517 plex
309 1442 476 1509 fortis,
515 1442 611 1497 sed
649 1452 859 1497 tantum
906 1443 960 1496 in
998 1443 1267 1497 vermibus
1306 1462 1443 1516 aqua
1481 1443 1709 1499 exemtis
1748 1451 1804 1498 et

145 1546 380 1619 perfecte
419 1545 605 1614 siccis;
660 1565 783 1599 cum
832 1545 904 1600 ita
944 1555 1123 1600 autem
1161 1565 1369 1600 vermes
1408 1564 1534 1599 mox
1572 1545 1800 1600 collabe-

144 1657 344 1714 rentur,
396 1647 703 1702 membrana
753 1647 846 1701 illa
894 1657 1279 1721 corrugaretur,
1330 1647 1630 1702 observatio
1670 1647 1796 1702 disfi-

146 1751 317 1805 culter
351 1749 693 1824 perficienda,
733 1769 891 1805 verus
928 1759 1096 1804 status
1132 1750 1222 1803 vix
1255 1750 1644 1821 dignoscendus
1683 1750 1797 1804 suit.

144 1853 252 1908 Res
290 1853 505 1911 interim
541 1851 790 1928 sequenti
827 1851 989 1906 modo
1027 1871 1086 1907 se
1123 1849 1319 1908 habere
1357 1851 1590 1909 videtur:
1639 1851 1799 1907 Ante-

143 1956 250 2009 rior
288 1956 401 2010 sola
439 1974 561 2028 pars
607 1954 948 2008 obtusissima
987 1953 1176 2030 capitis
1215 1974 1244 2006 a
1284 1954 1592 2007 membrana
1631 1954 1796 2007 libera

143 2067 240 2111 est.
315 2056 535 2122 Lineae,
586 2066 693 2123 aut,
742 2056 789 2110 si
835 2056 1022 2122 mavis,
1071 2054 1317 2118 chordae,
1368 2055 1528 2107 modo
1576 2056 1794 2108 omnino

141 2159 352 2232 aequali
394 2168 454 2214 'et
499 2158 727 2232 regulari
774 2157 975 2212 circum
1013 2158 1151 2213 circa
1189 2156 1392 2211 bullam
1431 2157 1794 2212 suffulcientes

141 2262 330 2316 ductae
380 2270 529 2328 sunt,
583 2270 638 2315 et
673 2261 746 2314 ita
783 2260 1066 2325 nimirum,
1116 2269 1176 2314 ut
1213 2259 1338 2313 talis
1378 2259 1520 2313 linea
1558 2259 1614 2312 in
1653 2269 1794 2312 ante-

140 2363 278 2418 riore
328 2363 435 2418 fine
484 2363 854 2427 membranae,
894 2363 996 2426 ibi,
1043 2362 1135 2415 uhi
1180 2360 1314 2414 haec
1361 2361 1588 2433 affigitur
1634 2361 1794 2434 capiti

140 2466 363 2533 vermis,
401 2464 654 2538 incipiat,
692 2474 836 2518 recta
883 2465 968 2517 via
1017 2464 1261 2517 decurrat
1307 2463 1375 2515 ad
1419 2463 1583 2518 finem
1632 2482 1794 2517 mem-

141 2569 335 2622 branae
385 2568 675 2642 posticam,
732 2565 806 2619 ibi
863 2586 988 2620 arcu
1041 2566 1182 2619 facto
1237 2565 1433 2619 iterum
1489 2565 1791 2632 adscendat,

139 2670 436 2743 marginem
471 2690 597 2724 vero
647 2668 967 2723 anteriorem
1014 2666 1357 2724 membranae
1405 2687 1515 2722 non
1553 2668 1792 2739 attingat,

139 2772 235 2826 sed
270 2772 406 2826 infra
443 2791 568 2827 cum
602 2772 796 2826 iterum
843 2790 1026 2825 arcum
1070 2769 1313 2824 faciendo
1363 2769 1441 2839 (iu
1487 2770 1653 2824 latere
1704 2787 1792 2842 op-

138 2875 316 2947 posito
355 2875 497 2929 arcui
536 2874 720 2948 priori)
769 2874 944 2928 denuo
993 2892 1165 2946 usque
1211 2873 1279 2925 ad
1326 2872 1491 2926 finem
1529 2872 1794 2946 posticam

140 2977 480 3033 membranae
519 2978 821 3042 descendat,
862 2986 915 3031 et
942 2976 1097 3030 tertio
1129 2994 1255 3030 arcu
1290 2975 1376 3029 hic
1403 2975 1542 3029 facto
1578 2975 1794 3042 (iterum

141 3079 390 3153 opposito
438 3081 795 3147 antecedenti)
844 3079 910 3132 ad
960 3078 1254 3150 marginem
1304 3077 1524 3131 demum
1569 3074 1790 3129 anterio-

141 3201 257 3236 rem
302 3182 643 3238 membranae
694 3181 983 3237 adscendat
1033 3190 1083 3234 et
1130 3181 1186 3234 in
1236 3181 1355 3254 ipso
1403 3179 1507 3233 isto
1556 3176 1793 3249 margine

142 3284 474 3339 terminetur.
550 3285 696 3356 Quot
740 3283 874 3340 tales
923 3283 1100 3338 lineae
1138 3284 1194 3339 in
1233 3281 1436 3337 ambitu
1472 3278 1650 3336 bullae
1689 3278 1795 3334 exi-
