2111 3622
357 307 539 362 medio
576 325 684 362 vas
710 303 871 373 aliud,
912 307 1058 381 quod
1085 315 1207 360 ante
1235 306 1460 360 caudam
1492 307 1724 382 simplex
1752 310 2018 384 incipiens

353 408 511 466 recte·
549 409 922 476 adscendebat,
971 429 1100 463 mox
1148 418 1330 469 autem
1378 410 1434 463 in
1481 411 1657 466 ramos
1707 411 1842 468 duos
1891 414 2018 468 divi-

354 516 593 582 debatur,
633 515 727 588 qui
776 515 973 588 pariter
1025 512 1412 568 adscendentes
1428 526 1437 531 ”
1465 513 1733 587 margines
1780 517 2018 590 corpor-is

350 615 538 674 versus
585 607 1104 692 progrediebantur,
1146 626 1436 689 antequam
1482 627 1661 671 autem
1710 617 1812 673 hos
1862 619 2017 673 attins

351 723 565 797 gestiant,
605 719 798 775 obtuso
836 720 943 773 fine
973 719 1411 774 terminabantur.
1487 719 1608 774 Hoc
1643 726 1754 785 v'as‚
1794 722 1892 776 illo
1932 743 2016 778 sua

349 821 452 900 pra
492 824 762 898 descripto
813 822 1030 889 subtili,
1080 823 1286 890 albido,
1337 823 1597 898 amplius,
1652 825 1709 878 in
1746 823 2016 881 Di'stornis

347 937 545 1004 post-ea⁴
576 928 794 983 offensis
833 930 943 980 non
985 926 1278 992 observavi.
1310 930 1350 997 l)

422 1165 428 1174 >
465 1136 509 1187 1)
540 1136 607 1183 Cl.
639 1137 705 1181 de
734 1139 893 1182 Baer
922 1137 974 1180 in
1004 1135 1388 1198 ephemeridibus:
1420 1133 1700 1193 Zeicsclzrifc
1714 1135 1770 1193 s.
1801 1137 1847 1180 cI.
1879 1153 2016 1194 erga,

344 1213 498 1256 nisclze
533 1210 726 1273 Physik3
770 1211 1043 1269 het-ausgeg.
1086 1226 1131 1252 υ.
1163 1211 1254 1252 Dr.
1298 1210 1350 1252 C.
1391 1211 1439 1252 F.
1482 1211 1755 1266 Heusinger.
1826 1209 1923 1251 Βᾶ.Ἰ
1953 1211 2013 1251 ΙΙ.

343 1286 400 1326 H.
432 1285 492 1327 II.
553 1283 683 1326 Febr.
720 1279 849 1325 1828.
879 1299 927 1344 p.
962 1279 1046 1322 197
1077 1301 1130 1310 —·
1170 1279 1267 1324 198.
1311 1293 1356 1325 et
1395 1282 1521 1343 prius
1562 1281 1613 1325 in
1641 1285 1839 1325 tractatu
1869 1280 2015 1324 obser-

344 1355 610 1405 vationibus
640 1355 774 1398 novis
816 1355 871 1397 de
901 1356 1114 1397 Entozois
1155 1353 1396 1398 ditissimo:
1432 1357 1673 1415 Beycrdge
1712 1370 1800 1396 zur
1838 1355 2016 1396 Kennt-

344 1428 447 1486 ng'ss
474 1428 520 1469 d.
552 1427 752 1469 niedern
789 1426 959 1469 Tltiere
988 1426 1129 1475 dicto,
1167 1425 1389 1470 Actorum
1427 1423 1558 1487 phys.
1597 1425 1875 1469 medicorum
1904 1427 2014 1468 Aca-

343 1500 515 1543 demiae
560 1498 735 1560 Leopa
756 1498 992 1542 Carolinae
1040 1509 1225 1541 naturae
1262 1498 1540 1541 curiosorum
1586 1497 1846 1542 voluminis
1883 1481 2008 1542 XIII.
2038 1527 2045 1529 -

341 1571 531 1615 sectioni
561 1570 692 1614 IIdae
722 1572 892 1615 inserto
924 1572 979 1615 de
1011 1589 1104 1615 ano
1134 1572 1443 1614 Distomorum
1476 1570 1685 1613 disseruit
1720 1571 1860 1619 varia,
1901 1585 2014 1630 quo-

341 1662 443 1689 rum
473 1660 695 1688 summam
725 1643 947 1704 allegandi
987 1645 1131 1704 deque
1171 1645 1227 1687 iis
1262 1643 1527 1705 opinionem
1564 1653 1710 1695 meam
1751 1641 2012 1705 proferendi

339 1717 417 1763 hic
447 1718 569 1761 locus
599 1729 677 1761 est.

456 1785 543 1838 Vir
572 1789 842 1834 clarissimus
865 1789 1102 1832 contendit
1123 1790 1353 1839 nimirum,
1387 1787 1588 1832 foramen
1608 1786 1724 1831 illud
1753 1788 2010 1837 minimum,

339 1864 465 1926 quod
494 1863 810 1908 cl.·MelzZis
849 1861 895 1910 (l.
937 1877 975 1904 e.
1004 1859 1067 1923 p.
1103 1858 1170 1906 18.
1211 1863 1306 1922 Fig.
1348 1857 1413 1912 4.)
1458 1863 1509 1905 in
1538 1861 1628 1904 fine
1667 1862 1785 1906 vasis
1825 1859 2010 1909 dorsalis

337 1937 542 1980 Distomi
580 1934 779 1997 hepatici
817 1934 1014 1987 detexit,
1052 1950 1143 1977 esse
1182 1950 1320 1977 anum
1361 1951 1539 1983 verum,
1582 1932 2011 1993 contemplationem

341 2009 536 2052 aliorum
565 2009 877 2052 Distomorum
909 2023 951 2049 se
982 2007 1243 2056 convicisse,
1282 2023 1362 2050 vas
1403 2006 1517 2049 illud
1548 2005 1720 2049 dorsale
1748 2018 1914 2049 nomen
1944 2006 2012 2048 in-

342 2082 503 2126 testini
561 2082 746 2132 mereri;
801 2079 925 2121 istud
974 2095 1062 2121 esse
1103 2079 1155 2120 in
1204 2078 1360 2121 multis
1409 2096 1494 2140 pro
1541 2079 1751 2140 portione
1801 2078 2008 2139 amplius,

340 2171 480 2215 quam
509 2155 561 2197 in
589 2149 970 2213 Dist.11epatieo,
1012 2150 1203 2210 ideoque
1240 2152 1292 2194 in
1331 2154 1485 2212 parvis
1523 2163 1568 2195 et
1608 2150 1848 2213 pellucidis
1875 2149 2009 2194 facile

340 2225 632 2294 microscopii
670 2241 756 2286 ope
795 2222 1020 2283 conspici,
1062 2223 1238 2268 facilius
1278 2225 1414 2268 etiam
1464 2235 1720 2286 aperturam
1757 2234 2005 2275 externam,

337 2306 477 2381 quarn
507 2301 558 2343 in
586 2296 815 2360 speciebus
846 2297 1104 2355 majoribus,
1150 2315 1283 2359 seque
1321 2296 1489 2342 vidisse
1531 2313 1589 2340 ex
1626 2294 1713 2338 hac
1753 2293 1892 2338 faeces
1931 2312 2010 2338 exa

339 2373 487 2428 cerni3
519 2370 664 2414 ‘ordiri
683 2369 868 2430 quidem
897 2369 969 2411 ibi
991 2385 1067 2414 Vas
1097 2367 1215 2412 illud
1245 2386 1388 2431 prope
1416 2385 1536 2431 pone
1565 2384 1729 2430 porum
1757 2367 2011 2412 ventralem

340 2444 517 2488 duobus
546 2441 744 2487 brachiis
763 2440 940 2503 amplis,
972 2457 1086 2502 quae
1106 2442 1157 2484 in
1176 2458 1255 2486 vas
1278 2441 1583 2491 (intestinum)
1607 2438 1816 2502 simpleX,
1837 2441 1888 2483 in
1907 2456 2008 2490 cau-

340 2517 421 2560 dae
441 2517 530 2560 fine
544 2518 696 2570 situm,
726 2517 971 2577 jungantur
1001 2514 1170 2568 (modo,
1202 2532 1337 2575 quem
1369 2531 1501 2577 supra
1533 2506 1750 2574 descripsi
1780 2512 1832 2555 in
1859 2513 2009 2555 Disto-

337 2590 404 2633 mi
442 2589 655 2648 elegantis
694 2605 797 2634 vase
824 2586 1054 2649 postico),
1094 2587 1194 2636 sed,
1241 2586 1407 2630 canalis
1450 2586 1636 2631 nutritii
1679 2587 1894 2647 portione
1932 2588 2008 2632 an'-

338 2663 503 2706 teriore
533 2660 670 2703 etiam
699 2663 750 2705 in
779 2678 924 2704 ramos
965 2660 1075 2703 duos
1105 2660 1287 2720 partita,
1321 2659 1560 2720 probabile
1587 2676 1690 2714 esse,
1729 2671 1824 2703 rete
1853 2675 2006 2708 vascu-

341 2733 489 2777 losum
519 2743 721 2775 tenerum
764 2734 882 2776 inter
920 2733 1030 2775 fines
1067 2747 1296 2774 ramorum
1328 2727 1604 2775 anteriorum
1633 2742 1678 2794 et
1707 2727 2008 2794 posteriorum

340 2807 544 2854 existere,
574 2805 638 2847 sic
665 2815 718 2849 ut
748 2805 802 2848 de
832 2804 1052 2848 Distomis
1073 2805 1247 2865 optime
1276 2804 1521 2848 diceretur:
1552 2815 1820 2866 apparatum
1852 2819 2005 2846 eorum

340 2877 628 2922 concoctioni
657 2878 978 2922 inservientem
1017 2882 1107 2919 ess'e
1149 2892 1251 2918 cum
1289 2887 1527 2936 systemate
1558 2875 1788 2923 vasculoso
1817 2877 2004 2937 conjun-

341 2962 481 3003 ctum,
510 2961 664 2994 tamen
692 2949 769 3000 ita,
800 2961 853 2993 ut
882 2949 1166 3010 principium
1187 2948 1382 3008 ejusdem
1404 2960 1448 2994 et
1471 2950 1575 2994 finis
1595 2951 1733 3008 magis
1755 2947 2006 2996 charactere

342 3033 585 3085 apparatus
637 3021 968 3070 concoctionis,
1016 3020 1217 3064 medium
1274 3023 1413 3082 magis
1473 3023 1725 3082 systematis
1785 3023 2005 3068 vasculosi

343 3095 545 3154 gaudeat.

461 3169 635 3221 Fateor,
672 3164 781 3209 haec
821 3163 955 3209 effata
984 3165 1088 3210 Viri
1128 3164 1364 3208 clarissimi
1405 3167 1592 3211 minime
1621 3167 1758 3218 mihi,
1788 3153 2005 3212 Distomis

346 3255 482 3283 anum
512 3256 615 3289 esse,
653 3238 877 3300 probare.
928 3240 1048 3282 Nam
1086 3237 1165 3280 ani
1202 3238 1332 3280 notio
1362 3238 1506 3281 multo
1545 3240 1684 3299 magis
1724 3240 2005 3284 extendenda

348 3321 470 3363 esset,
511 3319 647 3372 quam
677 3309 903 3370 hucusque
940 3309 1109 3354 factum
1138 3320 1218 3360 est,
1255 3312 1292 3352 si
1325 3311 1524 3356 foramen
1554 3312 1698 3356 ullum
1729 3330 1751 3357 e
1782 3329 1898 3363 vase,
1926 3324 2005 3358 aut
