2111 3622
684 204 1082 263 ...Μ-

12 370 15 372 ·
58 344 163 397 bile
201 342 304 397 sibi
357 342 560 397 diet-um
598 341 1036 417 (Bndolplzio
1088 341 1462 415 Amphistoma
1517 361 1715 403 maero=

53 445 360 518 cephalum)
401 446 692 500 delineavit
729 445 900 500 varias
927 444 1225 499 seeundum
1264 445 1478 511 formas,
1520 451 1714 521 quibus

50 548 155 602 hoc
180 558 445 602 entozoon
472 549 574 602 sibi
597 549 892 604 occurrisse
921 527 1112 601 narrat.
1189 546 1250 601 In
1289 547 1332 600 F
1336 548 1403 620 ig.
1447 550 1514 603 14
1535 582 1604 592 —-
1628 556 1710 607 16.

49 651 293 706 videmus
332 661 538 723 partem
577 652 815 725 eorporis
862 651 1209 717 anteriorem,
1260 670 1422 723 quam
1468 651 1547 705 ill.
1588 653 1711 710 Ra-

51 755 132 808 εἷο
148 752 296 826 Iphi
333 763 607 827 nuncupat
645 763 819 827 eaput,
859 762 1199 815 contractam,
1239 752 1297 805 in
1334 753 1447 826 Fig.
1499 755 1582 808 12.
1627 757 1709 811 13.

49 875 360 930 expansam,
399 857 453 909 in
494 857 741 911 omnibus
770 865 949 911 autem
983 875 1118 922 eam,
1161 875 1324 929 quam
1354 857 1709 928 posteriorem

47 968 286 1026 teretem,
325 960 496 1013 multo
536 960 851 1025 breviorem,
892 968 945 1012 et
972 958 1110 1013 bene
1140 958 1298 1012 nobis
1326 957 1559 1030 cogitare
1588 979 1706 1034 pos,-

46 1081 250 1127 sumns,
288 1062 641 1116 vermiculum
679 1061 928 1126 eundem,
967 1060 1115 1114 vario
1162 1069 1374 1114 tantum
1411 1069 1569 1126 statu,
1620 1081 1707 1116 ex-

42 1163 273 1218 bibitum
312 1183 446 1217 esse.
522 1162 672 1218 Idem
707 1181 829 1219 non
868 1162 1122 1219 valetde
1160 1163 1358 1235 figuris,
1400 1182 1534 1236 quas
1574 1164 1705 1218 desi-

41 1265 406 1319 deratissimus
445 1264 502 1318 B
514 1276 769 1321 remser·
818 1265 873 1318 in
920 1264 1146 1322 leonum
1193 1264 1570 1320 Helminthum
1608 1265 1706 1325 Ta-

42 1367 166 1421 bula
204 1367 350 1422 VIII.
390 1366 644 1421 exhibuit.
723 1367 838 1440 Ego
877 1369 1071 1423 saltem
1109 1388 1219 1422 non
1267 1368 1440 1442 eapiO,
1489 1368 1584 1441 qui
1622 1367 1705 1426 Fi-

43 1489 203 1542 gurae
245 1470 328 1524 18.
373 1472 454 1525 19.
495 1471 580 1524 21.
621 1479 676 1524 et
714 1471 819 1536 2⁶2„
868 1471 1061 1544 quibus
1099 1470 1224 1524 Hol.
1273 1470 1529 1525 variabile
1580 1489 1706 1531 eum

44 1571 280 1646 corporis
327 1573 517 1626 antica
554 1582 702 1646 parte
765 1573 1092 1627 delineatum
1153 1581 1236 1626 est
1288 1592 1452 1646 quam
1498 1573 1703 1648 postica

41 1674 213 1728 multo
245 1675 508 1742 breviore,
551 1686 602 1730 et
641 1685 926 1742 eontracta,
967 1677 1092 1749 (qua
1121 1675 1239 1749 ipse
1277 1695 1493 1747 semper
1529 1673 1703 1738 adhue

42 1778 97 1830 id
133 1778 307 1852 reperi
354 1786 514 1851 atque
563 1778 761 1850 pariter
810 1798 999 1833 omnes
1051 1777 1226 1835 adhuc
1274 1776 1702 1849 Ilelminthologi

40 1890 369 1953 repererunt,
411 1889 638 1953 excepto
677 1879 1042 1934 Nitzsclzio
1082 1880 1218 1946 sole,
1259 1881 1340 1933 uti
1377 1879 1609 1946 videtur)
1648 1888 1702 1933 et

39 1981 266 2055 Figurae
308 1985 392 2037 17.
433 1991 487 2037 et
524 1984 629 2048 ⁶20„
680 1984 735 2036 in
787 1982 978 2055 quibus
1029 1982 1178 2037 vides
1219 2001 1412 2055 eorpus
1465 1981 1700 2035 anticum

40 2095 317 2159 tantopere
369 2104 692 2158 expansum,
753 2093 814 2138 ut
871 2083 1104 2138 multum
1156 2094 1376 2159 superet
1432 2085 1700 2158 posterius

40 2197 196 2254 teres,
228 2209 395 2241 unum
426 2189 765 2261 eundemque
794 2208 1033 2242 vermem
1055 2188 1242 2242 sistere
1266 2186 1494 2261 possint.
1548 2187 1700 2256 Quae

37 2289 335 2345 similitudo
385 2301 470 2346 est
515 2292 696 2364 figuris
746 2291 987 2365 utrisque
1027 2300 1082 2346 et
1119 2289 1390 2364 quomodo
1429 2290 1699 2363 quispiam

41 2392 146 2447 sibi-
193 2392 482 2466 imaginare
530 2393 730 2468 poterit
776 2394 1058 2448 transitum
1107 2393 1248 2449 inter
1302 2402 1415 2450 tam
1463 2392 1698 2447 diversas

41 2495 278 2550 formas?
335 2496 511 2565 Quam
559 2512 747 2570 parum
802 2496 1029 2549 latitudo
1085 2494 1251 2569 partis
1301 2495 1510 2550 antieae
1577 2514 1697 2549 eam

42 2598 282 2672 posticae
340 2600 608 2654 antecedit
656 2599 711 2653 in
767 2598 948 2670 figuris
993 2598 1348 2656 Bremseri
1393 2598 1700 2673 prioribus?

39 2699 109 2754 Et
146 2701 201 2754 in
238 2698 297 2754 F.
337 2703 442 2769 ⁶20„
480 2702 569 2757 ubi
609 2722 731 2775 pars
771 2701 1001 2756 anterior
1049 2702 1268 2776 duplam
1305 2700 1695 2774 longitudinem

39 2804 280 2876 posticae
317 2813 485 2872 tenet,
535 2806 816 2879 latitudine
866 2804 1088 2863 dimidia
1138 2805 1401 2879 posticam
1451 2804 1694 2878 superat!

41 2908 262 2973 Annonf
293 2916 405 2962 tam
444 2909 706 2981 elongata,
747 2927 810 2962 eo
848 2907 1079 2974 tenuior,
1128 2916 1181 2960 et
1219 2907 1432 2961 tenuior
1478 2906 1698 2980 quidem

46 3007 208 3075 adet),
265 3031 425 3082 quam
474 3013 708 3086 postica,
763 3011 880 3065 fieri
927 3011 1235 3065 debuisset?
1291 3009 1402 3063 Sed
1455 3040 1515 3050 -·—-
1559 3026 1696 3080 quae

51 3112 320 3168 crassities
358 3115 621 3187 parietum
660 3115 825 3188 partis
866 3113 1160 3187 expansae).

191 3213 400 3282 Fateor,
441 3218 707 3291 meipsum
737 3217 1025 3290 quondam,
1066 3212 1347 3269 scribendo
1388 3212 1452 3265 de
1480 3203 1698 3286 Amphi-

1240 3313 1367 3367 DQ-
