2111 3622
721 191 1124 250 ...63-

242 333 606 388 Tuberculum
645 341 996 405 ante—porum
1025 330 1319 385 venti-alem
1357 349 1525 405 aeque
1564 339 1755 406 parum

100 455 161 491 ac
199 437 437 491 maculas
474 435 770 510 pellucidas
812 434 1000 488 eodem
1038 432 1177 499 loce,
1227 432 1306 485 ill.
1347 431 1750 508 liudolplzio

99 541 272 608 obvia,
313 539 589 612 conspexi.

96 740 580 790 systematevasorum
620 726 820 788 quodam
858 736 1060 787 apertum
1101 723 1212 778 (non
1249 722 1412 784 loquor
1449 721 1525 766 hic
1565 723 1621 767 de
1650 740 1752 768 vase

96 803 290 846 nutritio
321 801 402 845 illo
434 801 667 844 notissimo
697 799 1031 850 Trematodum,
1062 796 1188 858 quod
1227 795 1285 838 ab
1316 813 1389 839 ore
1418 795 1612 856 simplex
1642 797 1753 840 inci-

95 875 223 936 piens
253 885 408 935 postea
438 874 487 916 in
517 872 627 915 duos
657 887 838 931 magnos
868 887 1014 914 ramos
1045 868 1356 913 descendentes
1375 867 1614 922 dividitur,
1635 884 1751 925 ”nam

95 946 182 991 hoc
210 958 276 991 est
304 963 468 990 verum
496 943 780 993 intestinum)
810 943 994 986 nomine
1022 943 1111 987 isto
1141 941 1365 999 insignire*
1380 939 1606 984 vellemus.
1669 941 1751 984 Fo-

95 1037 249 1064 ramen
279 1019 394 1063 illud
423 1015 594 1060 dorsale
624 1033 649 1058 a
679 1014 734 1058 cl.
768 1019 831 1058 M
834 1017 925 1059 elzl
933 1019 950 1056 i
959 1031 979 1059 s
1010 1015 1236 1057 detectum
1265 1023 1412 1056 autem
1451 1022 1657 1074 apertura
1685 1024 1753 1056 est

94 1094 226 1147 vasis,
256 1092 380 1153 quod
409 1089 677 1149 intestinum
707 1104 866 1140 vocare
895 1085 1012 1129 mihi
1049 1084 1182 1147 plane
1223 1086 1517 1142 incongruum
1554 1100 1643 1128 esse
1681 1086 1750 1129 vi-

95 1165 239 1208 detur.
298 1166 417 1207 Nam
458 1163 496 1204 si
533 1176 627 1210 vas,
669 1159 796 1219 quod
831 1169 1016 1203 truncus
1061 1168 1242 1202 tantum
1280 1166 1358 1207 est,
1396 1156 1449 1199 in
1486 1173 1618 1216 quem
1648 1172 1750 1201 con-

91 1237 297 1298 jungitur
326 1250 536 1278 vasorum
575 1247 936 1285 numerosorum,
974 1242 1054 1274 aut
1091 1247 1196 1273 cum
1235 1246 1372 1289 aeque
1407 1230 1653 1272 numerosis
1682 1230 1750 1272 in-

90 1309 246 1352 testini
283 1304 543 1350 ramusculis
582 1303 936 1358 cohaerentium,
989 1314 1066 1346 aut
1103 1318 1163 1345 ex
1201 1304 1256 1345 iis
1295 1312 1448 1344 ortum
1487 1301 1750 1345 ducentium

90 1395 215 1438 grex,
240 1378 512 1422 'intestinum
540 1378 774 1420 nominare
804 1375 921 1427 licet,
949 1387 1048 1419 tum
1078 1392 1182 1420 sane
1213 1376 1347 1419 ctiam
1377 1390 1485 1419 vasa
1514 1375 1750 1418 absorben-

91 1453 157 1496 tia
187 1469 243 1496 ex
272 1451 498 1495 intestinis
529 1448 794 1492 animalium
824 1449 1107 1509 superiorum
1130 1448 1338 1492 classium
1367 1448 1419 1491 in
1439 1447 1627 1490 ductum
1648 1446 1750 1493 tho-

93 1525 288 1567 racicum
318 1524 531 1567 abeuntia
560 1533 606 1567 et
634 1520 756 1564 hunc
799 1521 947 1582 ipsum
985 1518 1110 1564 haud
1147 1519 1294 1564 multo
1333 1520 1506 1565 minore
1544 1522 1642 1578 jure
1679 1521 1749 1564 in-

93 1597 271 1640 testinis
302 1597 592 1640 adnumerare
621 1609 868 1656 possumus.
929 1593 1077 1636 Etiam
1108 1594 1227 1636 Dist.
1259 1591 1460 1654 hepatici
1487 1591 1671 1636 vascula
1697 1593 1749 1636 in

62 1667 169 1712 ‘vas
208 1668 379 1712 dorsale
416 1668 627 1711 abeuntia
664 1683 759 1709 non
797 1667 950 1710 omnia
987 1683 1092 1709 cum
1132 1664 1391 1709 ramusculis
1429 1664 1639 1707 intestini
1677 1680 1748 1707 co-

88 1738 279 1794 haerere,
315 1739 391 1783 sed
430 1756 636 1799 magnam
673 1739 858 1799 quidem
897 1738 1047 1799 quoad
1086 1749 1262 1800 partem
1305 1754 1365 1781 ex
1403 1738 1504 1799 ipso
1547 1737 1748 1798 corporis

89 1810 438 1873 parenchymate
470 1813 596 1863 oriri,
627 1814 689 1856 M
691 1812 897 1854 ehlisii
927 1822 1104 1854 constat
1125 1810 1517 1854 observationibus
1548 1809 1746 1868 egregiis.

87 1886 225 1928 Porro
263 1885 448 1928 nonnisi
475 1895 595 1927 statu
634 1885 799 1929 vermis
830 1882 1038 1926 abnormi
1075 1895 1268 1943 systema
1296 1883 1414 1925 Dist.
1444 1879 1643 1942 hepatici
1671 1897 1748 1927 va·

86 1956 308 2000 sculosum
347 1955 542 1999 fluidum
579 1956 832 2011 obscurum,
874 1955 999 2018 quod
1039 1957 1271 1999 continere
1310 1953 1422 1998 solet
1459 1954 1746 2005 intestinum,

87 2027 262 2084 vehere,
294 2030 413 2073 idem
445 2040 600 2072 auctor
629 2029 783 2072 tradit.
843 2029 979 2072 Plane
1009 2039 1061 2071 ut
1090 2044 1195 2072 vasa
1225 2025 1512 2071 absorbentia
1549 2028 1748 2089 superio-

84 2119 187 2145 rum
216 2100 484 2144 animalium
515 2100 789 2145 destinatum
821 2119 922 2163 ergo
955 2103 1056 2151 erit,
1086 2112 1138 2144 ut
1167 2100 1375 2144 materias
1405 2098 1605 2150 subtiles,
1640 2098 1748 2159 chy—

82 2174 180 2219 lum
209 2191 233 2218 e
263 2173 442 2234 chymo,
472 2175 617 2217 fluida
647 2175 874 2236 superflua
894 2185 972 2219 aut
992 2174 1156 2218 nociva
1177 2191 1199 2217 e
1222 2188 1409 2234 corpore
1429 2185 1568 2232 sugat.
1631 2174 1746 2217 Cum

83 2255 239 2291 autem*
263 2263 436 2292 necesse
466 2260 542 2297 est,
584 2258 636 2290 ut
677 2259 722 2292 et
752 2264 811 2292 ex
840 2246 928 2298 his,
970 2264 1086 2309 quae
1124 2249 1324 2308 corporis
1359 2247 1613 2290 nutritioni
1649 2263 1745 2291 non

83 2319 248 2364 idonea
277 2331 357 2364 aut
384 2322 530 2364 nimia
560 2321 665 2374 sint,
695 2322 860 2364 iterum
890 2330 1188 2369 secernantur,
1219 2320 1366 2363 exitus
1395 2335 1510 2362 unus
1539 2329 1617 2362 aut
1645 2317 1745 2380 plu-

82 2406 151 2434 res
178 2406 264 2453 pro
292 2391 379 2434 hoc
407 2408 542 2452 scopo
572 2392 773 2444 aderunt,
805 2393 952 2454 qualis
984 2393 1184 2435 foramen
1224 2391 1341 2434 illud
1379 2390 1552 2435 dorsale
1581 2393 1639 2434 D.
1670 2389 1745 2434 he-

81 2463 227 2524 patici
255 2460 371 2505 mihi
407 2479 494 2506 esse
534 2464 730 2507 videtur.
792 2466 841 2508 Si
883 2467 1193 2509 Distomorum
1233 2466 1465 2509 minorum
1502 2481 1582 2510 vas
1625 2464 1742 2508 illud

83 2536 312 2596 posticum
353 2552 523 2579 sursum
565 2535 852 2596 bipartitum,
891 2538 1017 2598 quod
1062 2539 1157 2598 ipse
1199 2554 1278 2596 ego
1316 2538 1368 2581 in
1406 2538 1618 2581 Distomo
1660 2537 1741 2581 ele-

81 2608 207 2665 ganti
237 2606 332 2650 solo
365 2607 593 2668 hucusque
623 2607 738 2658 vidi,
768 2608 825 2652 cl.
855 2611 887 2653 cl
897 2627 921 2654 e
949 2613 1107 2654 Baer
1136 2621 1284 2653 autem
1314 2610 1559 2670 generatim
1579 2612 1629 2654 in
1659 2611 1741 2654 mi-

78 2680 219 2723 nimis
247 2691 294 2724 et
321 2679 560 2743 pellucidis
590 2682 902 2726 Distomorum
933 2681 1182 2744 speciebus,
1221 2693 1276 2726 ut
1317 2681 1504 2740 allegat,
1535 2683 1742 2728 observa-

77 2753 164 2804 vit,
194 2770 298 2798 vere
326 2755 542 2798 convenit
579 2769 683 2796 cum
711 2754 768 2797 D.
809 2752 1011 2817 hepatici
1050 2772 1154 2800 vase
1186 2756 1366 2807 dorsali,
1397 2771 1502 2800 vere
1531 2754 1741 2800 cohaeret

76 2839 159 2886 per
186 2836 279 2870 rete
307 2825 591 2871 vasculosum
620 2842 723 2870 cum
752 2827 969 2872 intestino
1001 2827 1144 2889 (quod
1164 2839 1317 2873 tamen
1335 2827 1463 2872 nulla
1481 2827 1630 2872 adhuc
1660 2829 1740 2872 ob·

77 2899 329 2943 servatione
359 2898 568 2952 constat),
601 2898 650 2940 id
679 2914 796 2948 sane,
827 2898 953 2960 quod
983 2912 1139 2944 auctor
1168 2900 1374 2945 laudatus
1404 2918 1462 2945 ex
1493 2903 1585 2961 ejus
1616 2918 1739 2963 aper-

75 2978 177 3013 tura
209 2971 386 3015 caudali
423 2973 666 3033 provenire
701 2971 848 3026 vidit,
895 2974 1172 3017 excretiones
1220 2974 1472 3034 systematis
1513 2973 1737 3018 vasculosi

74 3039 272 3087 fuerunt.
341 3045 494 3087 Faeces
542 3042 818 3088 intestinales
865 3044 956 3088 alio
996 3044 1124 3089 nullo
1162 3047 1298 3089 modo
1345 3044 1482 3089 fuisse
1531 3056 1735 3106 possunt,

72 3113 163 3158 nisi
192 3131 334 3174 quum
362 3127 483 3160 statu
512 3115 724 3159 morboso
751 3113 870 3161 forte
899 3116 1061 3161 talium
1081 3135 1185 3179 pars
1217 3120 1267 3161 in
1287 3118 1468 3162 vascula
1489 3118 1733 3162 transierit.

187 3189 309 3230 Haec
348 3205 445 3232 mea
486 3189 646 3250 opinio
686 3187 742 3232 de
779 3203 865 3232 ano
906 3188 989 3232 illo
1019 3202 1276 3251 praesumto
1307 3191 1621 3234 Distomorum
1650 3201 1731 3240 est,

70 3257 212 3319 deque
242 3276 394 3303 eorum
433 3272 653 3323 apparatu
681 3259 991 3305 *alimentaria
1054 3264 1123 3307 Cl.
1157 3266 1216 3306 M
1228 3264 1379 3306 elzlis
1408 3262 1458 3304 in
1490 3279 1620 3324 opere
1650 3279 1731 3307 suo

68 3330 413 3394 incomparabili
444 3333 507 3396 (p.
546 3331 599 3374 19
630 3352 688 3364 ····
718 3330 812 3386 21.)
843 3335 1088 3394 generatim
1126 3350 1305 3398 prorsus
1345 3334 1534 3378 eandem
1569 3345 1728 3397 protu-
