2111 3622
962 191 1365 250 -26—

327 332 496 387 Porro
536 331 664 389 dicit
701 333 1086 408 lindolplci,
1124 332 1362 388 valvulas
1402 332 1592 406 capitis
1639 333 1696 388 in
1731 333 1986 391 Ascaride

329 439 649 512 spiculigera
674 438 839 499 ¹tenui
865 437 1108 509 margine
1141 436 1346 491 cinctas
1377 426 1513 505 esse,
1539 438 1794 512 ‘talesque
1822 439 1988 495 etiam

326 542 426 597 sub
465 541 825 615 microseopio
864 541 920 595 in
956 542 1094 595 meis
1135 559 1298 614 saepe
1335 540 1461 595 vidi.
1539 540 1601 594 Si
1638 543 1842 595 Auctor
1876 538 1984 595 lau-

327 646 482 701 datus
533 655 695 721 eaput
742 645 798 698 in
844 643 966 700 Asc.
1017 645 1208 719 spicul.
1264 654 1422 700 vocat
1460 644 1768 712 discretum,
1807 644 1865 699 in
1897 626 1998 700 ’νει

321 736 522 823 riegata
562 758 744 803 contra
783 749 1116 814 continuum,
1156 747 1257 802 hae
1295 758 1420 803 sunt
1458 748 1807 815 differentiae,
1848 768 1989 823 quae

323 853 382 908 in
419 850 804 928 speciminibus
854 853 991 907 meis
1035 852 1202 906 retiam
1253 852 1555 921 observavi3
1593 862 1654 906 ut
1690 851 1987 927 plurimum

323 957 586 1030 conspexi
630 957 868 1012 valvulas
924 957 1045 1030 plus
1091 956 1358 1012 minusve⁴
1389 955 1670 1021 discretas,
1711 955 1984 1010 interdum

323 1071 505 1115 autem
540 1070 653 1115 tarn
679 1080 896 1134 parur-n,
935 1070 997 1115 ut
1031 1060 1348 1115 continuum
1385 1068 1549 1134 caput
1593 1058 1860 1113 nominari
1895 1077 1985 1132 po-

320 1167 530 1221 tuisset.
609 1165 869 1219 Ccmdcmz
918 1163 1172 1219 describit
1209 1162 1305 1218 Vir
1347 1163 1743 1219 illustrissimus
1787 1162 1845 1216 in
1882 1161 1986 1236 spi-

323 1271 554 1342 culigera
592 1268 868 1322 incurvam
916 1267 1067 1342 apice
1114 1266 1459 1333 brevissimO,
1501 1276 1687 1333 acum,
1725 1267 1783 1321 in
1819 1266 1983 1321 varie-

321 1383 467 1446 gata,
517 1374 667 1444 eujus
703 1365 939 1425 ”unicum
989 1369 1267 1443 specimen
1316 1380 1371 1425 et
1416 1370 1637 1446 quidem
1684 1368 1983 1424 femineum

318 1486 530 1531 tantum
577 1473 810 1539 invenit,
869 1472 1293 1527 obtusiusculam
1343 1493 1467 1527 eum
1525 1471 1772 1526 acumine
1818 1471 1984 1538 brevi,

320 1591 491 1635 acuto.
568 1578 975 1633 Bremseras
1023 1576 1268 1643 exhibuit
1323 1577 1549 1631 caudam
1597 1575 1831 1631 feminae
1876 1575 1982 1650 spi-
2027 1581 2034 1583 '

319 1683 585 1755 euligerae
636 1681 765 1736 satis
824 1688 1053 1746 rectam,
1112 1690 1423 1755 rectamque
1468 1680 1583 1754 ipse
1631 1678 1818 1739 inveni
1873 1679 1984 1734 fere

317 1807 533 1861 semper
581 1784 637 1840 in
695 1783 941 1852 semini53
1003 1783 1101 1837 sed
1156 1783 1322 1839 etiam
1373 1783 1645 1838 interdum
1699 1782 1984 1859 paululum

317 1900 600 1947 curvatam.
690 1888 849 1962 Apex
909 1887 1109 1942 caudae
1167 1888 1225 1943 in
1287 1887 1536 1942 omnibus
1595 1885 1983 1961 speciminibus

315 1997 452 2051 meis
491 1992 814 2049 subconicus
843 2000 952 2059 est3
991 2000 1174 2045 tamen
1199 1993 1390 2059 semel,
1431 2001 1484 2045 et
1523 1990 1742 2066 quidem
1779 1990 1837 2044 in
1864 2009 1982 2065 spe·
2012 2002 2036 2010 ‘⁸

316 2099 513 2154 cimine
562 2097 825 2161 feminee,
873 2094 1019 2167 quod
1059 2114 1181 2148 cum
1219 2095 1498 2150 nonnullis
1546 2094 1664 2149 aliis
1702 2093 1981 2166 utriusque
2053 2104 2058 2109 ‘

315 2221 476 2258 sexus
514 2200 569 2253 in
609 2194 1006 2273 proventriculo
1045 2197 1211 2252 Aleae
1250 2196 1410 2251 Picae
1449 2206 1722 2270 repertum
1761 2195 1829 2250 el.
1857 2196 1980 2251 Ro-

314 2303 603 2360 sentlzal
639 2301 773 2355 mihi
811 2300 1047 2365 miserat,
1088 2301 1314 2355 caudam
1339 2319 1555 2375 prorsus
1583 2299 1662 2353 uti
1699 2300 1756 2353 in
1782 2297 1897 2373 Fig.
1926 2299 1977 2354 S.

314 2405 667 2465 Bremseri
704 2404 832 2469 vidi,
881 2403 1283 2458 obtusissimam
1321 2404 1594 2469 nimirum,
1636 2412 1692 2458 et
1729 2422 1758 2457 e
1797 2401 1987 2456 medio-

238 2532 241 2535 *
313 2510 420 2564 fine
456 2508 807 2585 proveniebat
855 2527 1090 2561 acumen
1136 2508 1412 2572 conicum,
1452 2506 1630 2573 breve,
1681 2505 1977 2561 acutiuscu-
2017 2546 2021 2557 .

314 2614 445 2667 lum.
530 2612 760 2666 Videtur
808 2612 932 2665 ideo
991 2630 1251 2665 concessa
1299 2631 1419 2666 esse
1464 2609 1592 2664 huic
1637 2608 1872 2685 speciei,
1923 2618 1978 2662 et

314 2715 535 2791 quidem
583 2714 648 2767 ad
695 2715 982 2768 minimum
1021 2714 1253 2777 seminis,
1295 2713 1461 2768 cauda
1499 2712 1797 2779 retractilis‚
1837 2731 1976 2785 quae

314 2828 496 2873 autem
545 2817 844 2871 secundum
884 2818 1288 2881 observationes
1326 2837 1475 2872 meas
1513 2815 1705 2872 saltem
1742 2833 1861 2868 raro
1899 2832 1977 2868 re-

312 2921 450 2978 trahi
497 2920 733 2986 videtur,
784 2941 960 2993 neque
1007 2921 1082 2974 ill.
1133 2919 1497 2995 Rnclolplzi
1551 2919 1719 2974 talem
1775 2917 1975 2972 vidisse

310 3025 535 3080 videtur.
613 3023 673 3099 Si
721 3022 819 3076 Vir
866 3024 1103 3097 optimus
1150 3024 1470 3078 feminarum
1520 3022 1746 3077 caudam
1795 3021 1976 3075 minus

312 3129 548 3191 brevem,
589 3146 752 3200 quam
801 3125 952 3179 illam
1000 3128 1228 3180 marium
1274 3127 1430 3194 dicit,
1480 3125 1585 3180 hoc
1632 3146 1756 3179 cum
1802 3124 1976 3178 obser·

312 3231 616 3287 vationibus
654 3230 789 3284 meis
830 3230 1052 3284 omniuo
1083 3230 1349 3285 convenit.
1426 3230 1655 3283 Marium
1680 3245 1839 3302 porro
1866 3246 1974 3280 me-

294 3355 470 3388 orum
509 3333 694 3399 cauda,
736 3355 777 3388 s.
817 3353 938 3407 pars
977 3333 1184 3406 postica
1222 3334 1479 3408 corporis,
1517 3351 1730 3406 semper
1755 3329 1975 3395 sortiter,
