2111 3622
742 172 1141 230 —13-

38 352 43 356 -
118 313 183 366 ad
220 311 365 366 istud
401 311 679 366 breviatur.
756 309 882 381 (Ubi
914 309 1180 382 margines
1207 313 1464 366 contracti
1503 322 1667 380 erant,
1705 313 1761 367 fi-

115 434 270 487 guras
318 413 858 468 Bremserianae
903 412 1065 483 [Tab.
1128 411 1220 466 IV.
1271 409 1384 484 Fig.
1433 414 1511 481 ‘2-.]
1557 416 1769 470 similes-

114 517 315 590 passim
377 516 672 590 conspexi.)
747 514 943 569 Costae
991 512 1309 568 fortissimae
1356 512 1571 568 bursam
1617 519 1765 572 omni

114 620 280 673 latere
328 618 568 672 fulciunt.
651 617 936 692 Spiculum
982 615 1236 691 genitale
1298 615 1499 690 duplex
1549 626 1656 683 est,
1713 629 1766 673 et:

113 730 337 793 uterque
376 721 595 793 quidem
631 721 786 794 penis
824 720 1013 792 vagina
1048 717 1469 793 pellucidissima
1508 717 1766 786 inclusus,

116 843 146 876 e
185 843 288 896 qua
339 823 490 896 apice
527 842 627 878 suo
665 822 783 877 solo
822 821 1119 896 prominet,
1159 840 1404 895 quaeque
1442 821 1621 894 ipsum
1660 842 1767 876 am-

113 925 377 998 plitudine
413 924 644 978 multum
680 932 912 999 superat.
986 922 1139 977 Hanc
1177 923 1625 996 organisationem
1660 943 1769 978 ma-

113 1029 260 1081 xime
305 1026 733 1091 memorabilem,
791 1045 954 1099 quam
1000 1025 1057 1078 in
1112 1025 1354 1099 pluribus
1400 1023 1769 1080 Nematoideis

113 1132 221 1202 jam
259 1129 551 1192 observavi,
602 1127 832 1201 amplius
871 1126 1150 1201 explicabo
1201 1126 1258 1181 in
1295 1127 1651 1200 descriptione
1688 1147 1768 1183 se-

114 1238 300 1285 c'utura
337 1231 605 1286 Ascaridis
653 1230 1031 1304 spiculigerae‚
1080 1229 1204 1303 quia
1242 1230 1298 1284 in
1336 1229 1495 1303 hujus
1534 1230 1768 1286 maribus

114 1342 432 1388 structuram
457 1333 611 1408 penis
642 1342 695 1387 et
722 1335 837 1406 ejus
867 1332 1087 1405 vaginae
1124 1333 1412 1406 perfectius
1440 1332 1568 1400 vidi,
1606 1353 1771 1408 quam

114 1436 171 1490 in
218 1437 335 1492 aliis
382 1435 667 1490 vermibus.
750 1435 993 1501 Fissnm,
1044 1456 1181 1509 quae
1218 1436 1332 1490 illic
1368 1435 1768 1503 memorabitur,

113 1539 334 1612 vaginae
389 1538 521 1592 mihi
577 1539 634 1592 in
678 1538 968 1612 Strongylo
1025 1537 1350 1612 hypostomo
1407 1548 1531 1593 ante
1583 1540 1771 1596 oculos

116 1642 336 1714 quidem
381 1660 489 1695 non
538 1642 702 1707 venit,
752 1641 847 1696 sed
886 1661 1006 1696 eam
1042 1640 1147 1707 hic,
1197 1642 1277 1696 uti
1315 1641 1407 1707 ibi,
1449 1641 1654 1708 adesse,
1694 1650 1772 1696 to·

114 1745 222 1800 tius
259 1744 473 1799 habitus
513 1744 840 1817 comparatio
890 1743 1109 1797 dubium
1148 1743 1281 1797 mihi
1319 1742 1461 1797 haud
1498 1743 1770 1818 relinquit.

264 1848 468 1925 Gauda
500 1847 766 1921 feminae
815 1855 898 1900 est
936 1847 1149 1911 obtusa,
1197 1864 1322 1899 cum
1373 1846 1620 1900 acumine
1658 1846 1771 1901 bre-

115 1949 364 2015 vissimo,
427 1948 568 2002 hand
618 1949 772 2004 valde
819 1949 996 2014 tenui,
1053 1947 1418 2002 obtusiuscule
1469 1949 1771 2002 terminato,

118 2053 374 2106 Omnium
422 2052 739 2106 seminarum
787 2051 913 2117 sere,
964 2071 1096 2124 quas
1144 2050 1272 2112 vidi,
1323 2050 1489 2104 cauda
1538 2051 1771 2105 obducta

116 2165 227 2209 erat
264 2154 486 2208 materie
523 2153 762 2207 brunnea
808 2153 1152 2207 membranae
1192 2153 1421 2220 aemula,
1462 2173 1600 2227 quae
1638 2153 1770 2208 inte-

114 2258 219 2311 rim
255 2277 363 2311 non
403 2267 513 2311 tam
549 2257 701 2311 firme
740 2256 1077 2320 adhaerebat,
1117 2256 1248 2329 quin
1275 2255 1478 2312 cultelli
1505 2265 1595 2309 aut
1633 2257 1772 2312 alius

117 2360 458 2414 instrumenti
527 2378 629 2432 ope
709 2358 997 2431 abstergeri
1062 2358 1343 2431 potuisset.
1450 2357 1773 2430 Organicam

118 2471 435 2516 structuram
472 2461 605 2515 haec
643 2461 741 2515 sub
780 2460 1138 2533 microsc'opio
1185 2461 1390 2514 nullam
1429 2461 1769 2517 monstrabat.

118 2563 299 2618 Cauda
347 2563 576 2618 marium
625 2563 718 2617 tali
766 2563 983 2618 sorditie
1028 2563 1306 2637 inquinata
1364 2583 1470 2642 non
1522 2572 1612 2616 aut
1655 2582 1770 2636 per-

115 2685 232 2720 raro
271 2675 400 2720 erat.

272 2768 399 2824 Ova
437 2789 545 2822 non
586 2769 764 2823 inveni
803 2770 1039 2842 globosa,
1080 2768 1176 2823 sed
1215 2766 1467 2841 elliptica.

269 2943 700 3000 Observationes
747 2943 817 2999 de
852 2944 1156 3019 Strongyle
1195 2944 1407 3016 inflexo
1447 2942 1550 2996 Ra
1562 2944 1615 2996 d.

265 3075 747 3132 Rosenthalio
795 3085 1009 3144 nostru,
1060 3077 1146 3131 cui
1196 3086 1279 3131 tot
1313 3073 1554 3127 Entozoa
1603 3082 1658 3127 et
1702 3074 1769 3128 de

117 3177 374 3233 Entozois
428 3180 635 3253 egregia
687 3198 749 3233 ac
802 3197 974 3245 nova,
1035 3179 1198 3232 etiam
1245 3175 1642 3231 observationes
1691 3195 1770 3231 se-

119 3291 344 3355 quentes
393 3282 458 3336 de
501 3281 791 3354 Strongylo
841 3281 1038 3348 debeo,
1097 3283 1248 3353 cujus
1294 3278 1508 3333 videndi
1556 3280 1767 3334 occasio
