2111 3622
556 835 1401 913 ΟΒΞΕΒΣῙΑΤΙΟΝΕΞΊ

931 977 1012 1015 DE

404 1062 1512 1130 NEMATOIDEIS.

867 1214 1068 1221 *—

639 1324 1290 1380 TRICHOSOMUM.

138 1536 534 1644 Trichosoma
562 1589 774 1663 saepius
805 1589 975 1664 reperi
1002 1589 1056 1646 in
1079 1591 1236 1648 variis
1265 1590 1601 1659 a11i111alibus‚
1631 1612 1793 1646 mam-

137 1692 365 1758 malibus
416 1701 468 1746 et
506 1691 707 1758 avibus,
758 1713 971 1767 semper
1020 1702 1198 1748 autem
1247 1693 1494 1757 feminea,
1548 1704 1618 1761 et,
1668 1715 1795 1769 quo·

55 1823 65 1836 ·
139 1814 349 1870 cunque
379 1792 434 1847 in
463 1794 680 1848 animali
707 1803 933 1869 reperta,
973 1804 1083 1850 tam
1109 1795 1305 1851 similia
1342 1796 1460 1864 sibi,
1501 1806 1560 1851 ut
1586 1794 1792 1851 charac-

137 1903 278 1952 teres
316 1896 487 1951 bonos
525 1895 804 1970 specificos
843 1916 1026 1952 eruere
1076 1917 1184 1951 non
1232 1899 1516 1966 valuerim,
1567 1907 1680 1953 tota
1719 1897 1791 1952 di·

137 1997 386 2054 versitate
424 2000 588 2072 paulo
626 2002 828 2073 majore
867 2001 953 2054 vel
982 1999 1188 2054 minore
1216 1999 1550 2074 longitudine
1577 2009 1631 2056 et
1657 2020 1789 2056 cras-

136 2101 259 2156 sitie
299 2111 542 2157 constare
573 2102 702 2157 visa.
777 2101 922 2155 Num
948 2122 1121 2157 mares
1150 2104 1314 2156 nimia
1352 2103 1644 2160 subtilitate
1681 2112 1791 2158 tan-

135 2212 251 2258 tum
290 2204 447 2258 oculo
497 2205 805 2259 scrutatoris
852 2203 1233 2265 detrahuntur?
1281 2204 1535 2261 Feminae
1573 2205 1791 2261 Tricho-

135 2325 427 2373 somorum,
467 2327 590 2362 cum
629 2327 871 2363 summae
915 2308 1023 2362 sint
1071 2308 1361 2375 tenuitatis,
1409 2311 1518 2381 jam
1571 2307 1789 2363 difficile

137 2409 464 2483 detegendae
485 2420 626 2477 sunt,
649 2431 822 2465 mares
852 2420 1051 2476 autem,
1090 2420 1150 2462 ut
1188 2410 1430 2464 omnium
1452 2409 1789 2488 Nematoide-

137 2530 307 2578 orum,
348 2531 378 2564 a
416 2511 630 2567 feminis
670 2512 833 2591 etiam
870 2512 925 2565 in
964 2511 1067 2566 hoc
1103 2531 1314 2584 genere,
1364 2513 1657 2584 granditate
1705 2534 1789 2570 su·

135 2613 324 2687 perfui,
366 2613 442 2667 ill.
470 2612 864 2688 liudolphii
902 2614 1285 2688 descriptiones
1324 2613 1667 2669 Tria-bosonii
1700 2615 1791 2670 ob-

133 2717 263 2781 tusi,
302 2719 452 2790 cujus
491 2737 696 2772 marem
743 2716 941 2772 femina
979 2716 1144 2791 duplo
1191 2716 1489 2771 breviorem
1517 2719 1559 2786 1)
1596 2727 1652 2772 et
1696 2717 1788 2773 Tr.

133 2818 355 2885 inflexi,
402 2823 553 2894 cujus
603 2840 805 2875 marem
852 2820 1015 2876 etiam
1074 2819 1338 2873 minorem
1386 2818 1598 2874 seminis
1646 2819 1790 2875 inve·

133 2921 214 2974 nit
248 2926 318 2991 ²),
376 2923 627 2996 probant,
686 2923 937 2997 idemque
988 2922 1054 2978 de
1099 2921 1369 2989 iconibus,
1422 2941 1554 2995 quas
1601 2921 1788 2977 beatus

257 3112 300 3163 1)
331 3118 636 3182 Radolpkt
664 3118 897 3165 Entozool.
929 3118 987 3164 11.
1023 3114 1062 3162 1.
1092 3134 1138 3180 p.
1170 3113 1228 3159 87
1259 3136 1314 3146 --
1347 3114 1419 3159 ss,
1482 3115 1677 3175 Ejusd.
1708 3115 1788 3175 sye
1879 3100 1883 3105 ’

136 3203 264 3250 nops.
293 3205 341 3251 p.
373 3186 474 3234 220.

251 3286 298 3339 2)
328 3292 520 3354 Synops.
536 3296 596 3354 'p.
628 3288 728 3336 221.

1407 3366 1455 3423 A
