2111 3622
975 176 1378 233 ...8-

349 312 477 387 Maji
520 314 657 369 1827
696 324 903 389 reperta
951 312 1326 370 benevolentia
1374 312 1440 368 el.
1479 312 2005 372 Hor-nschuclzii

349 416 483 471 mihi
522 419 831 474 transmissa
870 427 1012 473 sunt.
1540 429 1543 434 “

491 519 694 574 Β.”.ςιϊ.
734 520 1053 597 Longitudo
1092 519 1411 574 seminarum
1445 519 1503 575 in
1540 518 1796 575 intestino
1833 539 2006 595 reper-

348 629 523 677 tarum
559 623 817 698 pollicem
858 633 1001 678 certo
1048 642 1158 678 non
1209 622 1520 696 attingebat,
1570 622 1799 678 marium
1845 623 2008 678 etiam

347 724 524 779 minor
562 735 690 780 erat.
766 724 903 779 Cum
939 727 1143 800 priores
1181 725 1448 800 spiraliter
1493 725 1782 792 involutae,
1831 745 2007 783 mares

349 827 667 902 simpliciter
704 829 922 896 curvati,
963 849 1150 885 omnes
1181 848 1308 884 vero
1332 828 1489 903 rigidi
1527 838 1724 897 essent,
1764 838 2007 885 accurate

350 949 443 986 eos
482 931 692 987 emetiri
728 952 835 985 non
865 932 1024 987 valui.
1098 932 1327 987 Ratione
1355 931 1706 1006 longitudinis
1742 931 1845 986 hae
1871 931 2008 1008 Phy-

347 1032 646 1108 salopterae
692 1035 847 1091 valde
897 1056 1132 1102 crassae,
1190 1036 1421 1091 feminae
1479 1036 1613 1091 adeo
1669 1036 2006 1091 semilineam

347 1135 609 1191 diametro
649 1139 917 1192 tenebant.
997 1139 1165 1194 Color
1202 1139 1374 1195 albus.

497 1241 710 1313 Corpus
758 1242 823 1294 ad
873 1251 1035 1316 eaput
1081 1262 1243 1318 quam
1289 1243 1357 1296 ad
1401 1242 1629 1297 caudam
1672 1242 1843 1317 magis
1880 1252 2008 1299 atte-

346 1351 587 1410 nuatum,
624 1343 847 1397 nudum.
909 1344 1035 1398 Erat
1062 1354 1361 1401 transverse
1387 1345 1540 1400 valde
1567 1365 1840 1419 rugosum,
1877 1367 2009 1402 num

347 1464 378 1499 a
415 1446 605 1519 spiritu
641 1446 786 1501 vini?
834 1446 910 1500 Os
946 1447 1280 1515 bilabiatum,
1319 1448 1476 1502 labiis
1503 1456 1585 1502 sat
1622 1449 1848 1522 magnis,
1887 1469 2008 1524 pro-

343 1547 691 1615 minentibuS,
722 1549 944 1616 obtusis,
976 1570 1100 1605 cum
1129 1570 1350 1625 corpore
1380 1549 1664 1606 continuis.
1738 1550 2009 1607 Feminae

344 1649 613 1706 habebant
658 1652 881 1707 caudam
919 1653 1154 1721 brevem,
1203 1653 1484 1728 paululum
1522 1653 1848 1729 depressam,
1887 1654 2007 1711 sub-

346 1753 606 1819 conicam,
647 1755 1090 1823 obtusiusculam,
1141 1767 1197 1812 et
1241 1767 1365 1812 ante
1412 1758 1621 1832 apicem
1669 1760 1783 1833 ejus
1821 1777 2006 1812 anum.

343 1855 544 1911 stlat-es
581 1858 883 1931 gaudebant
921 1860 1088 1914 cauda
1137 1859 1311 1914 adhuc
1347 1841 1617 1928 breviore,
1666 1861 1892 1936 paulum
1927 1880 2006 1915 re-

343 1959 582 2027 trossexa,
632 1961 797 2036 inque
845 1965 960 2037 ejus
1000 1962 1166 2019 latere
1212 1974 1440 2038 utroque
1477 1963 1683 2019 inferne
1721 1974 1833 2020 erat
1869 1963 2007 2020 eutis

344 2060 570 2129 elevata,
609 2064 831 2132 tumida,
869 2066 1224 2141 subelliptica,
1267 2074 1322 2121 et
1357 2067 1413 2120 in
1450 2065 1553 2121 hae
1588 2066 2007 2140 microscopium

343 2165 675 2221 monstrabat
710 2177 938 2241 quatuor
975 2178 1165 2223 costas
1201 2168 1331 2223 satis
1370 2168 1549 2234 fortes,
1599 2177 1788 2223 rectas.
1862 2168 2007 2224 Inter

341 2275 623 2342 utramque
678 2269 819 2323 alam
877 2269 1181 2343 emergebat
1236 2270 1292 2325 in
1352 2271 1560 2326 duobus
1619 2270 2005 2345 speciminibus

341 2369 612 2442 spiculum
649 2373 872 2440 subtile,
923 2373 1182 2448 simplex,
1240 2374 1338 2443 (uti
1386 2374 1442 2428 in
1489 2373 1745 2438 Ascaride
1791 2373 2006 2448 spiculi-

342 2490 464 2542 gera
513 2484 620 2541 est,
680 2476 746 2529 de
806 2497 908 2551 qua
965 2476 1365 2532 observationes
1421 2485 1696 2532 secuturas
1745 2475 2003 2545 eonferaS,

343 2573 506 2630 etiam
552 2575 639 2631 hie
689 2579 1024 2652 vaginatmn
1069 2580 1266 2649 visum)
1313 2579 1369 2633 in
1419 2579 1587 2635 altero
1634 2588 1716 2634 sat
1761 2578 2001 2653 longum,

341 2675 397 2729 in
438 2677 602 2732 altero
640 2680 871 2736 brevius.

487 2779 777 2854 Speeimen
815 2784 1111 2839 femineum
1143 2793 1362 2839 externe
1401 2784 1469 2838 ad
1504 2783 1818 2839 intestinum
1845 2780 2003 2837 Lanii

338 2883 622 2936 memorati
659 2896 931 2958 repertum
971 2907 1096 2941 cum
1134 2887 1254 2943 aliis
1294 2886 1636 2953 convenienS,
1687 2885 1784 2941 sed
1821 2884 2033 2942 tunica-

328 2983 640 3042 involutum
679 2997 808 3054 erat,
856 3009 885 3044 e
925 3010 1027 3063 qua
1066 2990 1208 3045 sacili
1247 2991 1464 3063 negotio
1501 2989 1558 3047 id
1594 2988 1832 3046 liberavi.
