2111 3622
701 185 938 251 “⁶²83
1021 219 1101 230 ...-

70 323 358 398 parallelae
414 323 652 377 medium
710 340 901 396 corpus
957 330 1129 376 totam
1183 343 1279 397 per
1338 326 1725 399 longitudinem

69 435 394 501 percurrant,
450 426 590 481 inter
636 445 767 499 quas
815 424 1006 498 quovis
1052 423 1109 479 in
1158 426 1383 480 articulo
1421 432 1559 499 jacet
1595 449 1725 487 ova-

70 528 232 592 riam,
269 529 365 583 sed
404 529 649 584 debiliter
685 537 896 583 tantum
935 546 1264 601 expressum.
1327 528 1390 582 In
1430 530 1596 585 altero
1635 553 1724 607 op-

6 702 9 705 s
72 631 254 704 posito
308 640 489 686 autem
564 631 802 704 corporis
860 630 1026 683 latere
1073 630 1331 684 avariam
1375 630 1624 699 distincte
1669 636 1725 689 in

70 732 249 786 medio
299 735 531 805 cujusvis
580 733 786 789 articuli
834 742 1131 786 antrorsum
1177 732 1341 787 situm
1390 744 1486 800 est,
1541 754 1725 809 perpa-

71 855 188 888 rum
215 835 481 891 elevatum
510 837 745 909 quidem,
780 835 876 890 sed
902 835 1063 908 paulo
1094 835 1329 908 opacius,
1359 857 1521 909 quam
1547 839 1724 893 areola

71 956 128 991 se
168 937 519 1003 circumdans,
581 927 743 1011 inque
783 938 962 992 medio
1000 936 1162 990 habet
1181 937 1601 1011 foraminnlam
1631 960 1722 1013 ge·

68 1039 250 1092 uitale
297 1018 776 1093 distinctissimum.
863 1039 1197 1111 Fragmenti
1243 1040 1470 1094 secundi
1516 1043 1724 1096 articuli

71 1140 310 1213 ejusdem
358 1141 588 1208 formae;
644 1141 817 1196 lineae
855 1161 980 1195 vero
1020 1150 1074 1195 et
1113 1142 1290 1196 ovaria
1329 1162 1438 1196 non
1477 1143 1613 1198 bene
1653 1144 1725 1197 di-

68 1242 399 1315 stinguenda.
488 1242 758 1298 Articulos
798 1244 1035 1316 posticos
1075 1243 1264 1317 longos
1302 1245 1520 1300 nonnisi
1558 1246 1724 1321 speci-

69 1363 195 1399 men
232 1345 467 1419 primum
503 1344 679 1399 habet.

222 1446 349 1501 Obs.
405 1446 466 1500 In
503 1447 798 1521 specimine
836 1447 1010 1521 primo
1052 1449 1240 1522 capitis
1278 1449 1486 1505 botin-ia
1516 1471 1572 1507 re
1602 1471 1725 1508 vera

67 1567 178 1602 non
225 1559 411 1604 exacte
459 1550 784 1622 marginalia,
844 1550 939 1604 sed
989 1551 1170 1623 potius
1221 1551 1439 1625 oblique
1486 1552 1726 1609 lateralia

68 1652 266 1724 (magis
301 1651 556 1716 lateralia,
613 1673 773 1726 quam
811 1653 1152 1725 marginalia)
1191 1664 1330 1709 suut.
1417 1655 1518 1710 Hic
1556 1665 1726 1712 status

34 1763 250 1808 autem
307 1755 561 1810 naturalis
618 1775 736 1810 csse
799 1756 1012 1829 nequit,
1079 1766 1132 1811 ct
1177 1756 1398 1813 sortasse
1452 1778 1482 1812 a
1528 1747 1724 1815 vei·1nis

69 1865 242 1911 morte
280 1857 588 1914 convulsiva
630 1866 773 1912 ortus
814 1868 907 1912 cst.

160 2092 167 2095 ,v
238 2033 441 2089 Novae
487 2033 918 2089 Observationes
955 2033 1025 2088 (Ie
1063 2034 1544 2109 Bothrioccphalo

691 2136 927 2189 dih-emo
964 2156 1032 2188 m.
1056 2137 1095 2203 1)

214 2266 327 2322 Cel.
367 2267 764 2323 Bosen.tlzal
810 2268 1070 2324 benevole
1118 2289 1330 2323 mecum
1369 2271 1725 2326 communica-

70 2369 146 2424 vit
198 2370 403 2443 aliquot
449 2370 963 2443 Botlnioceplmlos
1017 2370 1081 2424 ab
1140 2391 1241 2425 am.
1286 2371 1608 2426 Laut-ero
1668 2374 1725 2427 in

71 2469 218 2523 Lari
267 2471 400 2525 cani
446 2472 707 2526 intestino,
750 2472 970 2526 Octobri
1023 2472 1161 2527 1827
1213 2483 1471 2547 repertos,
1531 2475 1725 2548 quibus

71 2573 199 2631 visis
249 2584 302 2628 et
340 2592 463 2627 cum
501 2574 662 2629 modo
684 2561 980 2648 “descriptis
1020 2573 1245 2630 Steruae
1284 2576 1496 2632 collatis
1536 2578 1725 2634 dubius

71 2674 241 2730 factus
279 2696 416 2742 sum,
473 2686 652 2730 utrum
686 2675 1122 2755 Bothriocephali
1159 2657 1450 2753 fissicipitis
1489 2681 1728 2754 speciem

69 2776 206 2832 bene
252 2779 541 2834 stabilitam
589 2799 855 2846 censeam,
896 2800 980 2865 lan
1019 2782 1198 2854 potius
1237 2801 1362 2835 cum
1398 2781 1459 2835 B.
1499 2783 1726 2838 ditremo

72 2883 409 2955 conjungam.
484 2883 624 2936 Nam
669 2903 877 2938 vermes
916 2881 1042 2937 Lari
1090 2885 1400 2958 posterioris
1451 2887 1582 2960 quin
1619 2887 1727 2942 sint

73 3001 182 3036 non
230 2985 447 3056 quidem
498 2986 845 3040 dubitandum
893 2995 1001 3054 est;
1063 3007 1093 3040 a
1139 2988 1314 3060 priore
1365 3008 1457 3043 eos
1505 2987 1722 3053 collum,

73 3085 219 3158 quod
267 3086 323 3139 in
368 3087 513 3143 illius
559 3089 941 3162 speciminibus
980 3110 1009 3144 a
1048 3109 1135 3145 me
1176 3091 1493 3146 examinatis
1532 3090 1726 3146 saltem

73 3227 259 3235 „w-w..

195 3308 246 3366 1)
277 3313 381 3359 Vid.
416 3314 544 3357 Obss.
576 3314 630 3358 de
659 3317 815 3361 Entoz.
847 3318 894 3361 P.
926 3318 961 3361 Ι.
992 3332 1037 3378 p.
1069 3311 1126 3356 65
1157 3332 1222 3375 sq·

1288 3397 1331 3451 F
1371 3400 1403 3452 ‘2
