2111 3622
725 167 1122 259 ...25—

107 315 256 388 cujus
294 330 415 387 ope,
465 311 592 365 dum
628 307 783 385 penis
819 307 1034 363 vulvam
1070 306 1248 372 intrat,
1287 307 1401 364 sine
1441 308 1753 367 difficultatss

108 417 172 470 ab
209 415 314 470 hoc
351 415 417 468 ad
453 415 592 468 latus
633 411 963 467 amovebitur
992 411 1050 480 ¹).

226 518 398 572 ·Haee
434 537 578 572 nuuc
615 515 826 571 Ascaris
864 522 1044 568 nostra
1083 530 1206 565 cum
1242 511 1614 568 Ascaridibns
1650 516 1754 588 spi.

105 621 358 695 caligent
395 624 502 673 una
541 627 595 674 et
628 618 954 692 variegata,
992 635 1124 688 quas
1160 615 1238 668 ill.
1277 614 1636 688 Ruclolplzi
1673 617 1758 671 de-
1781 623 1793 628 ”

109 723 322 797 scripsit
350 723 411 790 ²),
461 721 765 786 convenire,
815 737 1111 792 omnesque
1157 727 1264 772 tres
1312 737 1473 770 unam
1513 717 1760 772 eandem-

109 845 216 900 que
264 824 503 900 speciem
552 824 876 879 constituere
925 822 1188 876 videntur.
1271 819 1334 873 In
1380 820 1628 875 omnibus
1674 820 1760 874 tri-

109 927 208 983 bus
257 947 450 1003 corpus
502 927 707 980 nudum
757 936 1048 979 retrorsum
1096 922 1374 978 crassescit
1388 943 1402 989 3
1461 934 1634 995 caput
1678 934 1763 980 est

109 1040 288 1096 tenue,
327 1030 384 1084 in
421 1029 562 1084 beati
600 1026 958 1083 Bremseri
1005 1025 1249 1080 iconibus
1286 1025 1555 1081 Ascaridis
1590 1026 1764 1100 spicu-

106 1133 304 1205 ligerae
331 1135 391 1201 ³),
443 1130 522 1185 uti
569 1129 624 1183 in
663 1128 815 1195 meis,
865 1127 1101 1202 corporis
1150 1127 1256 1182 fine
1304 1127 1483 1184 antico
1532 1129 1762 1185 tenuius·

227 1357 269 1407 1)
299 1359 465 1402 Eadem
494 1368 718 1403 structura
749 1359 890 1419 penis,
921 1358 1066 1412 credo,
1105 1367 1170 1401 est
1210 1357 1421 1402 omnibus
1451 1358 1503 1401 in
1534 1362 1764 1405 Nematoi-

109 1433 202 1477 deis
230 1430 450 1482 masculis,
481 1430 565 1474 ubi
595 1430 676 1473 sub
707 1432 1003 1493 microscopio
1031 1429 1203 1493 spicula
1234 1429 1407 1488 singula
1437 1431 1609 1476 duabus
1639 1433 1766 1477 lami-

111 1505 181 1549 nis
211 1502 458 1567 composita
496 1503 593 1547 visa
632 1514 759 1555 sunt,
798 1503 869 1547 uti
908 1503 958 1546 in
986 1504 1234 1564 Strongylo
1272 1503 1537 1565 hyposcomo
1574 1504 1663 1552 (Cf.
1694 1506 1767 1548 de-

111 1577 403 1639 scriptionem
438 1591 486 1637 p.
526 1571 630 1622 13.).
701 1573 768 1618 Cl.
811 1576 1114 1619 Niczsclzii
1173 1576 1442 1619 sententiam
1487 1592 1595 1620 vero
1650 1576 1765 1625 (vid.

111 1648 232 1710 Allg.
261 1646 446 1709 Encycl.
483 1663 577 1691 von
608 1645 746 1690 Erseh
784 1665 829 1690 u.
860 1648 1055 1692 Gruber.
1114 1647 1224 1692 Arc.
1269 1647 1478 1696 Ascaris.)
1518 1648 1642 1709 quod
1678 1650 1768 1712 spi-

55 1762 67 1776 „
113 1721 211 1766 cula
242 1720 526 1770 (Ascaridum
563 1718 876 1768 mascularum)
916 1720 1006 1764 duo
1044 1721 1136 1764 sint
1174 1720 1366 1764 laminae
1409 1731 1612 1769 tantum,
1655 1739 1768 1782 quae

112 1795 378 1854 conjunctae
405 1808 565 1855 penem
596 1792 792 1836 forment
821 1792 962 1836 simili
1004 1792 1164 1845 modo,
1204 1809 1295 1852 quo
1326 1793 1376 1836 in
1407 1792 1680 1837 locustarum
1710 1795 1769 1838 fe-

112 1866 365 1909 mineatum
402 1865 498 1909 ensi
534 1865 628 1918 fiat,
674 1862 760 1908 hac
800 1863 1117 1910 observatione
1154 1864 1348 1926 perfecte
1384 1863 1572 1908 refutari
1601 1883 1770 1912 censeo.

113 1936 349 2000 Spiculum
376 1947 619 1997 utrumque
648 1953 694 1980 re
723 1952 829 1983 vera
859 1936 1165 1996 cylindricum
1196 1954 1284 1981 esse
1312 1936 1512 1986 videtur,
1552 1939 1628 1982 sed
1656 1957 1772 2002 pene

113 2028 194 2073 per
221 2009 498 2068 rigiditatem
527 2024 650 2050 suam
689 2006 822 2052 lateri
852 2010 1041 2066 vaginae
1084 2011 1164 2053 uni
1205 2026 1248 2053 se
1279 2010 1560 2070 apprimente
1595 2008 1682 2055 hoc
1712 2012 1773 2056 la-

114 2094 207 2127 tere
243 2083 329 2126 ista
363 2081 615 2144 prominet,
667 2097 758 2142 quo
799 2080 1051 2142 cylindrica
1105 2082 1155 2126 in
1197 2083 1336 2141 magis
1374 2080 1659 2142 irregularem
1695 2097 1774 2130 aut

114 2153 448 2215 quodammodo
478 2152 724 2213 depressam
754 2152 944 2198 formam
975 2155 1156 2200 transit.

230 2225 296 2270 Ni
325 2226 478 2269 omnia
514 2243 585 2269 me
614 2224 803 2277 fallunt,
848 2229 933 2273 Vir
972 2228 1173 2288 optimus
1210 2228 1260 2272 in
1299 2229 1561 2288 Figurarum
1611 2230 1774 2279 descri-

113 2299 267 2360 ptioni
296 2313 397 2341 suae
425 2298 676 2342 Ascariclis
710 2301 920 2357 reflexae
952 2300 1042 2343 sihi
1072 2299 1218 2343 dictae
1248 2299 1403 2361 (quam
1434 2303 1571 2345 ctiam
1598 2305 1635 2346 S
1641 2305 1733 2347 chi
1742 2306 1776 2348 l-

116 2372 337 2428 lingius
365 2380 515 2414 noster
553 2372 681 2428 Rlajo
722 2368 835 2411 1824
873 2373 924 2415 in
965 2371 1244 2433 Caprimulgi
1283 2374 1492 2434 europaei
1525 2370 1775 2435 [punctati]

117 2442 345 2485 intestinis
367 2440 574 2489 offendit)
612 2443 886 2503 adjectarum
925 2446 1116 2505 septima
1156 2443 1340 2487 eandem
1378 2456 1647 2490 structuram
1687 2449 1777 2509 spi,

118 2514 343 2563 culorum,
381 2531 518 2573 quam
560 2531 692 2580 supra
730 2532 787 2558 ex
826 2515 927 2559 Asc.
966 2515 1232 2576 spiculigera
1271 2516 1470 2578 protuli,
1512 2517 1775 2573 delineavit,

117 2587 277 2647 ibique
304 2601 438 2648 penes
466 2587 640 2646 vaginis
671 2589 761 2631 suis
789 2598 969 2631 tantum
998 2587 1218 2646 longiores
1249 2598 1366 2638 sunt,
1398 2605 1535 2648 quam
1568 2591 1616 2635 in
1644 2592 1778 2636 Asca-

117 2659 216 2704 ride
243 2670 408 2707 nostra.
469 2658 553 2702 Sed
581 2670 737 2703 contra
777 2659 906 2703 illam
945 2660 1207 2721 opinionem
1248 2661 1386 2705 etiam
1427 2662 1679 2723 loquuntur
1714 2665 1780 2710 A·

119 2732 322 2776 scaridis
352 2731 670 2775 lumbricoldis
697 2731 881 2792 spicula,
914 2748 1027 2792 quac
1056 2735 1215 2776 teretia
1245 2734 1437 2794 perfecte
1466 2751 1555 2779 esse
1591 2737 1643 2780 in
1672 2738 1781 2781 duo·

119 2804 204 2847 bus
234 2804 554 2866 speciminibus
578 2804 758 2865 egregiis
777 2803 1057 2848 collectionis
1085 2821 1207 2849 meae
1228 2824 1250 2849 e
1271 2807 1356 2850 Sue
1376 2807 1624 2852 domestico
1655 2827 1778 2853 mon-

121 2887 258 2920 strare
287 2893 466 2938 possum
496 2877 672 2936 cuique.
733 2875 801 2921 Cl.
833 2878 941 2924 Jul.
975 2878 1013 2919 C
1022 2878 1108 2939 leq
1123 2891 1217 2921 uec
1255 2879 1407 2927 (Anat.
1447 2881 1521 2944 des
1562 2883 1672 2926 Vers
1714 2883 1781 2926 in-

122 2958 224 2992 test.
252 2949 355 2993 Asc.
385 2948 548 2992 lombr.
579 2959 624 2991 et
653 2947 1005 2993 Echin..G‹³ant.
1045 2967 1092 3012 p.
1124 2947 1215 2997 4-4.)
1251 2967 1295 2993 se
1333 2953 1558 3015 spiculum
1596 2955 1782 3002 unicum

123 3036 295 3082 semper
324 3021 375 3065 in
403 3021 614 3065 Ascaride
644 3019 943 3065 lumbricoidc
974 3031 1152 3065 tantum
1181 3024 1363 3079 vidisse,
1396 3026 1537 3077 dicim
1585 3026 1659 3075 sed
1689 3025 1781 3070 duo

124 3090 274 3142 habet,
301 3103 354 3136 ut
384 3109 535 3137 omnes
563 3093 826 3138 Ascaridum
857 3093 1131 3155 reliquarum
1162 3112 1317 3140 mares.

243 3198 289 3247 2)
319 3199 552 3245 Entozool.
582 3204 642 3246 ΙΙ.
679 3198 716 3244 1.
747 3217 793 3262 p.
828 3199 911 3243 168
932 3223 989 3230 —
1017 3200 1113 3246 170.

244 3304 292 3355 3)
320 3309 473 3353 leones
502 3306 831 3358 Helminthum.
891 3310 1004 3355 Tab.
1038 3313 1093 3357 V.
1126 3312 1160 3355 F
1162 3313 1219 3370 ig.
1250 3307 1294 3354 6.
1324 3308 1365 3354 8.
