2111 3622
1000 221 1078 238 .-
1163 191 1405 281 5071-

375 359 481 415 que
521 335 759 412 corporis
797 333 1094 408 marginem
1142 329 1420 385 descendit
1467 327 1621 383 linea
1670 329 1864 393 albida,
1902 330 2042 383 inae-

377 442 553 518 qualis
601 458 774 514 usque
829 438 895 491 ad
945 435 1146 491 caudae
1198 433 1426 507 apicem,
1465 432 1558 487 ubi
1597 433 1784 486 ambae
1823 453 1883 501 se
1921 452 2043 486 cona

377 549 597 621 jungere
635 543 898 606 videntur,
939 539 1055 594 sine
1096 536 1258 590 dubio
1297 553 1445 590 vasa
1482 535 1741 589 nutritia.
1815 535 1926 593 Has
1969 536 2043 588 in-

378 660 461 706 ter
495 648 667 702 lineas
705 663 899 718 corpus
940 641 1136 715 gaudet
1175 639 1354 692 colore
1383 630 1735 706 luscescente‚
1775 638 2044 710 margines

380 756 498 828 ejus
547 759 673 807 sunt
718 747 1034 810 lucidiores,
1084 742 1238 818 quasi
1275 742 1454 796 lucide
1492 741 1630 798 fusci
1668 736 1797 810 (uno
1835 743 1892 796 in
1931 762 2047 816 spe-

381 855 579 912 cimine
628 853 761 906 adeo
811 847 1160 917 virescentes)
1213 854 1269 901 et
1317 845 1494 899 albido
1554 847 1837 918 variegati,
1900 846 2047 920 quod

381 956 699 1035 praesertim
739 954 879 1007 dicto
927 953 983 1006 in
1031 950 1329 1026 specimine
1379 949 1534 1004 valde
1584 950 1897 1005 distinctum
1946 959 2044 1016 est,

381 1062 439 1117 in
475 1058 698 1133 reliquis
735 1077 846 1112 non
882 1056 973 1111 ita.
1050 1053 1166 1109 Nec
1203 1054 1402 1119 cirtae,
1441 1074 1542 1108 nec
1566 1073 1742 1129 porus
1775 1051 2049 1127 genitalis

381 1161 663 1237 conspicui
699 1170 841 1216 sunt.

523 1265 625 1321 His
663 1262 982 1335 conscriptis
1024 1280 1125 1313 am.
1153 1259 1435 1314 Laztrer
1476 1260 1714 1335 Gryphia
1753 1258 1927 1314 adhuc
1951 1260 2046 1314 mi-

377 1369 436 1424 hi
481 1368 661 1422 attulit
708 1373 961 1440 quattuor
1020 1363 1181 1436 hujus
1246 1363 1450 1437 speciei
1506 1363 1849 1418 Monostoma
1907 1384 1936 1416 a
1987 1383 2046 1418 se
2107 1403 2109 1405 -

377 1470 572 1527 Martio
615 1469 773 1525 1828.
812 1474 1025 1542 reperta
1063 1465 1119 1518 in
1163 1463 1311 1520 Grae
1348 1465 1593 1530 cinerea,
1633 1468 1784 1541 cujus
1825 1468 2047 1535 arteriae

379 1592 600 1649 asperae
650 1572 706 1627 in
757 1589 888 1626 cavo
937 1569 1103 1624 sterni
1158 1569 1484 1628 insederant‚
1567 1569 1776 1624 Horum
1825 1571 2046 1624 maximi

379 1676 670 1752 longitudo
710 1683 834 1730 octo
871 1673 1045 1728 lineas·
1085 1681 1138 1727 et
1165 1670 1459 1739 dimidiam,
1499 1672 1711 1726 minimi
1745 1683 1956 1747 septem
1994 1685 2047 1728 et

381 1780 499 1854 ejus
538 1778 909 1854 quadrantem,
948 1776 1308 1830 maximorum
1346 1775 1593 1830 latitudo
1631 1774 1842 1831 summa
1880 1777 2046 1831 medii
2106 1829 2111 1837 ,

381 1881 626 1957 corporis
659 1881 792 1937 duas
828 1881 1004 1942 lineas
1043 1887 1257 1952 aequat.
1337 1879 1553 1953 Corpus
1588 1879 1831 1954 planum,
1880 1881 2047 1935 albidi
2077 1880 2079 1882 ’

376 1985 597 2041 coloris.
672 1984 862 2050 Porus
893 1982 1167 2058 genitalis
1213 2001 1304 2036 ore
1341 2001 1506 2056 parvo
1553 1982 1727 2038 multo
1777 1983 1955 2039 minor
1989 1985 2047 2039 in

380 2107 529 2143 arcu·
559 2078 824 2142 anteriore
874 2085 1077 2140 canalis
1125 2085 1334 2139 nutritii
1383 2085 1518 2140 situs
1567 2095 1678 2152 est,
1728 2104 1838 2142 non
1887 2088 1944 2142 in
1993 2107 2046 2142 o-

379 2190 594 2246 mnibus
621 2210 750 2246 vero
778 2189 1080 2245 distinctus.
1159 2186 1408 2242 Canales
1429 2187 1653 2242 nutritii
1678 2187 1840 2243 etiam
1865 2190 1922 2244 in
1960 2189 2046 2247 his

380 2302 443 2348 ut
479 2294 536 2348 in
573 2292 962 2368 speciminibus
1001 2311 1031 2346 e
1059 2290 1247 2344 Fulica
1285 2290 1350 2344 ad
1387 2291 1611 2345 caudam
1641 2312 1767 2346 arcu
1793 2294 2047 2368 conjungi

377 2395 656 2463 videntur,
704 2404 760 2452 et
808 2377 990 2450 colore
1035 2394 1263 2449 obscuro
1313 2404 1464 2462 sunt,
1517 2396 1598 2450 uti
1650 2395 1859 2451 ovaria
1905 2396 2049 2451 inter

376 2506 664 2575 utrumque
703 2499 950 2555 canalem
989 2498 1104 2554 sita.

991 2700 1423 2759 HOLOSTOMI

375 2848 602 2925 Species
644 2870 825 2914 nova,
863 2870 904 2903 α
941 2850 1308 2906 Bremsero
1347 2871 1652 2928 perperam
1697 2871 1820 2905 cnm
1869 2849 2040 2905 Holo-
2087 2849 2093 2854 ⁴

607 2961 784 3008 Stomo
823 2952 1101 3007 variabili
1136 2953 1205 3007 N
1206 2953 1500 3009 itzsclzii
1536 2955 1798 3030 corficsa.

516 3111 600 3168 Cl.
649 3114 718 3168 N
719 3111 942 3168 itzsch
999 3111 1054 3165 in
1103 3111 1343 3169 Tabulae
1406 3115 1848 3185 commentationi
1908 3128 2044 3169 suae*

368 3212 812 3271 Holostomorum
848 3215 906 3268 in
930 3213 1363 3289 Encyclopaedia
1399 3221 1636 3292 generali
1674 3218 1888 3293 saepius
1927 3216 2036 3269 lau-

365 3316 485 3371 data
523 3319 760 3391 adjectae
789 3317 1022 3392 *Figuris
1073 3319 1138 3373 11
1179 3349 1252 3361 --
1293 3322 1377 3374 16.
1454 3318 2035 3379 Holoslomumwaria-
