2111 3622
963 181 1043 200 ..-
1127 149 1244 208 110
1324 182 1414 204 --

325 293 621 363 par-enter
656 287 908 353 inerme,''
946 288 1125 363 qualia
1152 288 1314 344 etiam
1341 289 1513 365 capita
1540 301 1844 350 nostrorum
1869 305 2010 362 sunt,

354 401 410 447 et
452 390 570 446 sine
616 389 841 464 vestigio
887 392 1109 465 quidem
1157 391 1381 459 rostelli,
1434 402 1642 448 taceam
1681 395 1748 451 de
1784 398 2013 454 uncinis,

351 493 416 550 In
460 494 627 567 figura
674 493 878 568 adjecta
908 497 950 564 ¹)
997 495 1160 555 etiam
1210 494 1368 551 breve
1415 496 1648 566 sistitur,
1711 507 1768 554 et
1815 501 2022 562 osculis

353 597 599 671 oblongis
637 597 864 670 insigne,
904 599 1049 671 quod
1087 606 1374 672 utrumque
1411 599 1467 654 in
1504 601 1892 675 speciminibus
1925 623 2017 658 no-

352 701 478 759 stris
516 699 716 775 paritcr
751 701 1032 756 inventum
1071 702 1329 776 descripsi
1349 724 1364 772 3
1399 713 1456 759 et
1493 704 1540 760 si
1580 713 1744 781 caput
1779 725 1809 760 a
1851 704 2018 762 Goe-

352 805 417 862 zi
428 824 460 859 0
508 802 683 858 antice
720 804 1046 878 impressum
1084 804 1401 871 delineatur,
1459 805 1565 862 hoc
1602 806 1659 862 in
1698 807 1866 864 altero
1902 830 2020 885 spe-

355 907 553 965 cimine
590 895 775 962 nostro
812 907 1006 963 saltem
1045 908 1209 963 etiam
1248 909 1447 964 inveni.

497 1013 552 1082 2)
595 1010 809 1066 Collum
840 1009 1134 1066 Goezius
1163 1011 1294 1067 dicit
1320 1006 1596 1086 „longum
1619 1023 1955 1089 punctatum
1965 1016 2021 1082 ,·”

353 1115 459 1173 hoc
502 1115 622 1190 ipse
667 1114 725 1169 in
761 1114 938 1189 priore
976 1115 1273 1190 specimine
1313 1116 1477 1171 etiam
1516 1116 1822 1186 observxavi3
1882 1117 2023 1172 illud

355 1228 440 1276 est
485 1238 593 1273 vox
638 1217 876 1283 relativa,
934 1239 1097 1292 quam
1144 1220 1224 1273 in:
1287 1219 1608 1294 elongatum
1655 1222 1778 1290 (aut
1813 1220 2023 1294 longiu-

353 1320 581 1385 sculum,
625 1320 707 1374 uti
744 1320 941 1376 Eudo
955 1321 1106 1394 lplzi
1142 1321 1305 1391 fecit)
1346 1323 1564 1383 mallem
1602 1332 1824 1378 mutare.
1902 1321 2022 1377 Col-

352 1425 469 1480 lum
518 1442 642 1478 cum
689 1422 864 1497 capite
913 1423 1229 1479 continuum
1277 1424 1414 1480 meis
1453 1425 1532 1480 uti
1575 1423 1817 1480 Goezii
1852 1425 2022 1500 speci-

353 1527 590 1584 minibus
631 1536 727 1582 est.
2021 1524 2028 1525 ’

502 1631 557 1701 3)
615 1629 677 1683 In
716 1630 954 1685 articulis
994 1630 1294 1684 differentia
1334 1650 1453 1686 esse
1490 1630 1716 1698 videtur,
1774 1650 1919 1699 nam,
1975 1631 2024 1686 si

359 1732 657 1790 Goezius
695 1732 853 1788 dicit:
913 1731 1063 1801 „Die
1106 1733 1323 1788 Glieder
1360 1733 1508 1800 kurZ,
1565 1733 1712 1806 jedes
1750 1733 1852 1788 mit
1888 1734 2026 1809 zwei

356 1837 731 1910 hakenffirmig
768 1837 1083 1910 gebogenen
1116 1836 1493 1904 Randecken,”
1533 1836 1639 1890 hoc
1675 1837 1929 1891 ultimum
1967 1839 2023 1899 in

357 1939 744 2017 speciminibus
794 1960 824 1993 a
869 1961 957 1995 me
1009 1940 1290 2015 descriptis
1338 1960 1449 1994 non
1497 1940 1697 2005 inveni,
1753 1939 1859 1995 nisi
1906 1960 2024 2014 pro-

356 2044 677 2101 tractionem
722 2043 1039 2116 angulorum
1077 2044 1132 2097 in
1172 2044 1537 2118 compluribus
1577 2042 1830 2110 articulis,
1886 2063 2025 2117 quac

358 2147 580 2223 quidem
623 2145 848 2202 minime
898 2156 1008 2200 tam
1054 2146 1281 2219 insignis
1333 2156 1459 2212 erat,
1518 2156 1577 2200 ut
1614 2146 1842 2200 formam
1878 2145 2025 2200 unci-

358 2271 554 2309 norum
591 2248 941 2316 exhibuisset,
981 2248 1056 2304 ita
1091 2269 1284 2306 vocare
1320 2248 1538 2304 vellem.
1595 2246 1706 2303 Sed
1736 2247 2025 2304 Goezias

359 2356 448 2413 sui
493 2354 666 2431 ipsius
704 2353 848 2409 dicto
886 2373 945 2409 se
984 2353 1210 2428 opponit
1246 2352 1428 2425 figuris
1468 2354 1555 2408 17.
1592 2360 1651 2407 et
1690 2352 1774 2408 18.
1813 2350 2027 2407 tabulae

360 2468 705 2525 memoratae,
764 2457 1019 2513 articulos
1066 2455 1443 2512 exhibentibus
1491 2455 1613 2511 sine
1645 2454 2027 2540 vestigio-ullo

361 2563 525 2620 modo
571 2562 708 2617 adeo
756 2570 1146 2637 protraclorum
1186 2559 1520 2633 angulorum,
1571 2557 1732 2633 quale
1779 2557 1913 2634 quid
1957 2578 2026 2613 ne

362 2667 584 2741 quidem
629 2664 829 2739 insigni
878 2665 1042 2719 modo
1091 2664 1433 2720 instrumenti
1483 2660 1738 2738 pressorii
1786 2661 1870 2716 vis
1918 2659 2026 2715 effi-

364 2787 487 2825 cere
534 2768 730 2842 potuit,
786 2767 932 2842 quod
967 2767 1012 2821 F
1016 2768 1081 2840 ig,
1125 2767 1208 2823 19.
1247 2767 1422 2822 docet.
1497 2765 1637 2823 Tam
1682 2763 2026 2830 orbiculares,

366 2881 429 2929 ut
463 2870 522 2925 in
557 2868 671 2943 Fig.
714 2871 798 2926 17.
838 2870 1046 2925 articuli
1084 2879 1357 2945 apparent,
1417 2888 1513 2925 eos
1550 2868 1713 2923 etiam
1748 2886 1861 2922 non
1896 2865 2025 2932 vidi,

367 2991 558 3032 verum
592 2972 634 3027 ii
670 2971 869 3046 figurae
911 2974 995 3027 18.
1033 2973 1163 3028 satis
1212 2971 1540 3028 conveniunt
1582 2974 1714 3025 'cum
1761 2968 1946 3024 multis
1996 2988 2027 3024 e

369 3077 564 3133 mediis
600 3075 1017 3150 fragmentorum
1052 3084 1374 3143 nostrorum,
1432 3075 1559 3131 licet
1595 3083 1776 3129 tamen
1812 3090 2027 3147 genera-

494 3297 539 3349 1)
569 3299 598 3343 1.
632 3316 668 3344 c.
700 3300 814 3346 Tab.
845 3302 1029 3347 xxxn.
1061 3302 1111 3344 B.
1142 3302 1235 3360 rig.
1267 3297 1336 3343 21.
