2111 3622
974 173 1054 184 ...
1134 139 1216 198 94
1298 172 1377 184 .-

350 281 658 367 cephalum‚
699 278 873 353 qualis
912 278 968 332 in
1010 277 1366 334 Gaslerosteis
1405 298 1464 333 se
1514 276 1748 334 exhibet.
1820 281 2015 337 Forma

351 384 588 440 secunda
623 385 732 456 jam
769 380 985 438 exhibet
1014 381 1336 436 evolutionis
1367 380 1586 452 gradum
1614 381 1866 455 primum,
1906 406 2014 459 quo
2058 448 2068 463 χ

351 487 610 544 foramina
655 486 909 559 genitalia
958 482 1248 557 cohspicua
1296 484 1448 537 fiunt.
1535 483 1693 538 Ultro
1741 506 1852 540 non
1899 509 2015 561 pro-

356 591 500 653 cedit
545 591 603 644 in
640 589 878 664 piscibus
919 587 1102 653 dietis,
1154 596 1213 640 ut
1238 590 1540 660 ‘nunquam
1589 587 1734 642 linea
1770 589 2022 650 mediana,

355 678 605 757 elevata,
643 691 817 761 multo
866 692 1044 746 minus
1095 700 1274 744 autem
1322 689 1501 744 ovaria
1553 690 1801 746 distincta
1847 702 1900 747 et
1946 692 2018 747 le-

353 797 549 852 mnisci
605 795 663 857 in
709 793 1154 869 Schistocephalo
1217 794 1549 853 Gasterostei
1604 795 2018 869 conspiciantur.

352 901 398 955 F
403 903 548 954 orma
589 918 712 972 ergo
753 899 802 952 3.
843 907 896 953 et
935 898 984 952 4.
1034 898 1090 951 in
1130 896 1309 951 avium
1348 896 1616 952 intestinis
1655 898 1891 972 primum
1929 900 2019 953 do-

354 988 567 1072 113111ῐῆ
606 1011 662 1057 et
715 1002 877 1057 simul
936 1020 1098 1076 saepe
1145 1001 1323 1074 magis
1381 1000 1687 1073 elongatur,
1745 1021 1910 1076 quam
1963 1002 2032 1057 in'

319 1167 324 1169 ‚
353 1108 588 1184 piscium
628 1105 912 1161 abdomine
949 1105 1066 1159 suit.
1095 1107 1135 1174 ¹)
1452 1096 1460 1097 ἶ

503 1232 790 1294 Chai-aeter
828 1236 1260 1311 Schisloeephali
1301 1237 1577 1310 genericus
1617 1257 1850 1312 sequens
1888 1237 1986 1293 sit:

605 1341 813 1415 Corpus
862 1340 1199 1412 elongatum,
1250 1339 1590 1415 depressum,
1640 1339 1727 1397 vel
1776 1341 2018 1414 planum,

478 1612 520 1663 1)
550 1616 607 1658 In
644 1610 958 1656 mammalibus
996 1610 1136 1672 pisces
1177 1620 1221 1652 et
1262 1627 1363 1653 cum
1406 1611 1461 1654 iis
1499 1608 1914 1672 Seliistoceplialum
1954 1610 2025 1653 de-

357 1685 654 1749 glutientibus
685 1683 760 1727 hic
792 1685 926 1727 etiam
959 1694 1157 1744 repertus
1179 1682 1363 1743 quidem
1395 1694 1471 1733 est,
1503 1684 1579 1727 sed
1607 1682 1735 1726 nullo
1766 1684 1900 1727 modo
1930 1701 2027 1726 mu-

357 1771 491 1805 tatus.
553 1759 627 1802 Sic
656 1757 954 1818 Rudolplci
983 1774 1086 1799 eum
1117 1756 1296 1800 invenit
1335 1758 1385 1800 in
1422 1758 1505 1800 int.
1565 1757 1749 1801 Phocae
1777 1758 2027 1806 vitulinae,

357 1834 493 1877 Selii
502 1832 573 1876 lli
583 1848 611 1874 η
620 1850 653 1890 g
684 1831 735 1874 in
763 1832 920 1875 Pltoca
935 1829 1137 1884 foetida
1167 1839 1211 1872 et
1242 1845 1321 1888 ego
1351 1830 1446 1891 ipse
1476 1830 1529 1873 in
1556 1830 1674 1873 Fele.
1735 1829 1823 1877 (Ex
1853 1827 2027 1891 amphi-

359 1905 451 1949 biis
484 1905 535 1948 in
563 1907 736 1947 Ranae
766 1904 1022 1948 esculentae
1060 1902 1144 1944 int.
1185 1903 1314 1945 tenui
1344 1913 1388 1945 et
1417 1912 1539 1945 recto
1571 1903 1708 1946 etiam
1738 1902 2029 1946 immutatum

360 1994 480 2021 anno
517 1972 643 2019 1825.
676 1974 880 2022 offendi.)
938 1977 994 2018 In
1033 1975 1227 2035 piscium
1270 1973 1461 2018 aliorum
1501 1974 1794 2018 Gasterosteis
1832 1976 2029 2020 vescien-

359 2051 480 2095 tium
519 2049 750 2093 intestinis
788 2048 981 2090 mutatio
1023 2058 1067 2090 et
1098 2046 1299 2090 evolutio
1341 2064 1479 2106 aeque
1508 2064 1668 2108 parum
1697 2046 1848 2091 locum
1878 2046 2026 2091 habet.

360 2123 514 2167 Etiam
543 2119 702 2181 Ligula
731 2120 926 2181 piscium
955 2120 1006 2162 in
1026 2119 1182 2163 avium
1202 2130 1395 2172 tantum,
1425 2120 1614 2162 minime
1643 2120 1693 2162 in
1721 2119 2028 2162 mammalium

363 2207 443 2240 aut
472 2194 665 2240 aliorum
696 2191 960 2236 animalium
991 2192 1218 2235 intestinis
1249 2191 1403 2236 evolvi
1433 2192 1627 2236 videtur.
1686 2191 1848 2251 Ligula
1884 2192 2029 2252 crispa

364 2270 498 2318 enim,
531 2282 668 2327 quam
698 2263 764 2308 ill.
797 2265 1096 2327 Radolphi
1137 2265 1345 2325 (Synopsu
1375 2281 1421 2325 p.
1441 2260 1573 2312 2467)
1610 2265 1662 2307 in
1691 2265 1776 2308 int.
1791 2275 1896 2330 [ten.
1917 2263 2031 2307 Pho-

363 2358 440 2385 eae
476 2338 701 2386 vitulinae
740 2337 945 2388 offendit,
984 2338 1053 2382 nil
1092 2338 1183 2381 nisi
1226 2338 1524 2381 substantiam
1569 2335 1776 2387 mollem,
1824 2334 2032 2397 homoge-
2084 2348 2086 2351 '

366 2430 499 2459 neam
528 2411 813 2462 monstravit,
853 2423 906 2454 ut
937 2413 1072 2454 etiam
1103 2412 1187 2456 Vir
1218 2412 1416 2472 optimus
1453 2411 1548 2471 ipse
1580 2409 1745 2453 dubius
1776 2410 1849 2458 sit,
1879 2426 2031 2453 annon

368 2488 449 2531 illa
479 2485 639 2547 Ligula
680 2484 855 2546 piscina
893 2483 1166 2532 (immutata)
1208 2485 1279 2527 sit.
1348 2487 1474 2527 Num
1511 2484 1562 2526 in
1600 2483 1795 2544 piscium
1834 2499 2032 2542 quorun-

368 2563 472 2606 dam
502 2557 743 2603 abdomine
783 2573 891 2602 vero
933 2555 1209 2606 (habitaculo
1240 2555 1384 2600 natali
1419 2554 1516 2603 suo)
1548 2555 1706 2614 Ligula
1743 2557 1835 2615 jam
1865 2557 2030 2599 ovariis

368 2634 551 2676 institui
581 2632 735 2692 possit,
768 2630 856 2674 alia
897 2631 1081 2692 quidem
1126 2640 1190 2673 est
1230 2629 1447 2689 quaestio.
1509 2628 1557 2670 Si
1597 2627 1664 2670 ill.
1701 2627 2032 2670 Schrankii

368 2706 553 2765 Ligulae
596 2704 807 2752 (nodosae
845 2702 918 2751 R.)
962 2704 1012 2745 in
1052 2702 1154 2746 abd.
1193 2712 1315 2747 cavo
1345 2699 1565 2744 Salmonis
1604 2701 1793 2743 Truttae
1833 2696 2032 2760 repeitae

369 2788 540 2840 puncta
575 2775 743 2820 lineam
772 2777 970 2836 corporis
999 2777 1254 2820 medianam
1286 2774 1496 2817 ornantia
1525 2771 1680 2816 ovaria
1718 2771 1919 2839 fuerunt,
1952 2772 2033 2840 illa

371 2850 574 2912 quaestio
614 2847 881 2892 affirmanda
922 2859 1009 2901 est3
1050 2848 1166 2891 illud
1206 2858 1353 2891 autem
1392 2862 1494 2890 cum
1537 2861 1632 2888 non
1671 2855 1791 2888 certo
1831 2845 2031 2897 sciamus,

373 2940 468 2967 rem
505 2922 557 2964 in
607 2919 749 2962 dubio
788 2918 1096 2980 relinquamus
1137 2935 1305 2963 necesse
1346 2930 1423 2962 est.
1496 2917 1594 2963 Alii
1631 2928 1831 2960 auctores
1872 2919 2033 2978 egregii

373 3010 546 3057 semper
575 2995 625 3037 in
654 2991 758 3035 abd.
799 2991 994 3052 piscium
1024 2991 1231 3050 Ligulam
1268 2979 1647 3052 sirnplicissimam
1689 2999 1867 3034 tantum
1909 2992 2034 3035 inve-

374 3077 554 3111 nerunt.
613 3067 715 3127 Ipse
754 3080 850 3107 eam
890 3081 984 3107 non
1016 3064 1175 3107 inveni
1215 3065 1304 3106 nisi
1336 3064 1387 3107 in
1417 3065 1736 3125 Cyprinorum
1765 3063 2032 3117 rutilorum,

375 3152 420 3184 et
459 3140 642 3200 quidem
680 3138 936 3199 juvenium,
990 3153 1224 3196 nunquam
1273 3138 1323 3179 in
1360 3135 1617 3181 adultorum
1658 3152 1801 3198 neque
1843 3134 2033 3178 aliorum

377 3212 582 3273 piscium,
622 3221 850 3272 quotquot
901 3226 1054 3252 eorum
1104 3220 1148 3252 et
1190 3210 1353 3268 speeies
1395 3210 1625 3254 variorum
1667 3207 2032 3257 examinaverirm

380 3284 619 3329 abdomine
647 3299 850 3344 unquam
879 3280 1108 3341 hucusque
1139 3279 1325 3323 offendi.
