2111 3622
689 196 1087 257 -07-

57 335 219 391 etiam
266 335 399 390 mihi
450 336 855 396 distinctissime
901 354 958 389 se
1005 332 1214 388 obtulit.
1290 335 1388 390 Est
1431 358 1562 410 poro
1611 346 1706 394 ter-

55 438 242 492 minali
278 439 636 513 subaequalis,
677 437 1004 502 orbicularis,
1043 437 1280 509 margine
1308 439 1573 494 tumidulo
1603 443 1706 496 cin>-

53 552 187 607 ctus,
228 550 282 596 et
317 542 447 596 toris
486 540 911 596 abdominalibus
949 539 1324 614 propinquior,
1371 559 1535 612 quam
1574 564 1706 616 poro

54 644 247 697 antico.
321 642 576 697 Confiteri
614 653 795 698 autem
832 642 1018 707 debeo,
1059 662 1146 696 me
1182 641 1326 695 haud
1363 643 1611 699 omnibus
1649 645 1705 699 in

53 745 435 819 speciminibus
473 745 612 800 Dist.
664 745 787 798 alati
836 766 865 799 e
904 744 1081 818 Vulpe
1128 742 1302 810 lectis,
1359 753 1413 798 et
1458 745 1515 799 in
1551 747 1703 800 nullo

53 868 82 902 e
114 847 279 914 Cane,
319 848 373 901 in
413 850 563 922 cujus
602 847 857 902 intestino
896 848 1144 901 duodeno
1183 846 1460 920 complura
1499 868 1702 917 eorum,

50 951 241 1024 majori
279 960 483 1004 tantum
521 949 814 1022 gracilitate
853 950 918 1002 ab
957 950 1064 1005 illis
1103 949 1298 1022 Vulpis
1338 950 1561 1017 diversa,
1614 950 1704 1004 Ju-

49 1049 125 1107 lio
170 1053 310 1108 1822
355 1052 553 1117 inveni,
612 1052 775 1106 istum
823 1070 1016 1124 porum
1068 1051 1371 1117 offendisse,
1430 1071 1538 1124 quo
1578 1072 1704 1107 casu

48 1165 227 1209 autem
272 1163 415 1207 cerlo
466 1162 767 1208 contractus
806 1163 859 1206 et
896 1153 1110 1208 clausus
1146 1153 1260 1207 fuir.
1333 1152 1490 1209 Licet
1525 1164 1705 1209 autem

48 1255 326 1312 existentia
376 1254 534 1328 hujus
581 1253 700 1329 pori
747 1275 857 1309 non
903 1255 1145 1329 neganda
1192 1257 1278 1323 sit,
1339 1265 1520 1312 tamen
1568 1255 1702 1312 mihi

47 1361 163 1433 ejus
216 1357 429 1412 habitus
479 1367 534 1413 et
581 1359 715 1412 situs
764 1357 821 1411 in
873 1356 1212 1413 acetabulum
1260 1360 1554 1415 suctorium
1603 1360 1704 1429 (sit

46 1461 201 1516 venia
241 1461 460 1531 verbo!-)
509 1460 765 1534 quadrare
803 1480 914 1515 non
949 1462 1185 1528 videtur,
1247 1462 1391 1535 quod
1430 1461 1703 1518 Distomo-

47 1579 165 1619 rum
202 1583 465 1629 verorum,
522 1564 599 1617 uti
652 1564 716 1617 cl.
760 1562 1048 1618 Nitzsclz
1093 1572 1238 1619 recte
1277 1574 1479 1630 monet,
1539 1585 1702 1639 porus

48 1666 301 1721 venti-alis
340 1686 552 1739 semper
591 1687 708 1722 esse
749 1667 923 1733 debet,
978 1669 1193 1740 jamque
1231 1666 1332 1720 hac
1371 1687 1438 1721 ex
1475 1687 1634 1723 causa
1674 1690 1703 1722 a

47 1766 314 1826 Distomis
363 1770 720 1842 separandum
766 1790 885 1824 esse
934 1778 1178 1825 nostrum
1215 1768 1418 1824 Auctor
1448 1769 1558 1827 'iste
1597 1771 1702 1826 exi-

50 1872 192 1926 mius
231 1873 345 1944 jure
385 1871 586 1925 docuit.
662 1870 948 1925 Caeterum
975 1872 1117 1926 idem
1145 1890 1308 1946 porus
1331 1871 1509 1926 forsan
1537 1872 1704 1926 omni-

47 1974 147 2029 bus
194 1970 527 2029 Holostomis
574 1992 862 2029 concessus
915 1984 1019 2039 est,
1081 1983 1171 2027 aut
1218 1974 1407 2030 saltem
1451 1972 1702 2030 Holosto-

47 2077 150 2132 mis
188 2077 391 2152 primae
429 2076 836 2144 subdivisionis3
876 2077 990 2150 ipse
1019 2077 1163 2131 enim
1192 2077 1246 2131 in
1273 2077 1553 2132 Distomis
1576 2097 1704 2152 spa-

46 2179 248 2234 tlmceo
297 2189 350 2234 et
397 2190 685 2235 excavato
724 2178 788 2232 R.
837 2199 947 2234 non
994 2180 1172 2236 minus
1213 2180 1484 2248 distincte,
1540 2199 1704 2255 quam

48 2280 105 2338 in
144 2284 330 2348 alato,
369 2303 494 2338 eum
534 2282 825 2339 observavi

364 2465 461 2520 De
497 2462 760 2519 Distomo
797 2464 1063 2518 noduloso
1100 2462 1194 2519 Ze
1207 2463 1358 2519 deri
1373 2504 1384 2517 .

197 2595 444 2652 Zecleri
482 2594 898 2671 descriptionem
936 2592 1052 2670 pori
1092 2595 1253 2651 antici
1292 2605 1346 2651 et
1383 2593 1706 2651 nodulorum

48 2698 208 2774 hujus
236 2696 491 2766 Distomi,
531 2707 640 2754 tam
677 2696 989 2773 frequentis,
1028 2716 1192 2772 quam
1229 2699 1610 2766 memorabilis,
1647 2700 1705 2753 in

50 2802 435 2878 speciminibus
473 2803 837 2877 compluribus
864 2798 1151 2857 Februario
1181 2802 1319 2857 1823
1355 2800 1413 2856 in
1449 2802 1707 2857 intestino

34 2902 254 2978 .Esocis
290 2902 472 2970 Lucii,
521 2907 615 2960 ubi
652 2905 919 2961 rarissime
957 2905 1175 2980 quidem
1214 2923 1491 2960 occurrere
1527 2903 1704 2960 videu-

51 3017 153 3076 ων,
211 3010 434 3082 repertis
472 3010 696 3082 magnis,
753 3008 1118 3064 confirmatam
1153 3006 1279 3064 vidi.
1365 3007 1505 3062 Nam
1535 3025 1711 3081 porus

54 3110 276 3166 anticus
330 3112 553 3168 minime
608 3110 904 3168 terminalis
959 3121 1069 3177 est,
1127 3108 1223 3166 sed
1271 3119 1538 3165 extremae
1585 3108 1708 3163 finis

58 3213 183 3268 colli
210 3212 363 3269 lateri
401 3212 724 3270 abdominali
749 3215 942 3288 angulo
980 3223 1128 3269 recto
1158 3212 1477 3286 insculptus,
1516 3209 1710 3264 nuduli

59 3325 235 3372 autem
273 3337 464 3390 porum
502 3336 858 3392 nequaquam,
917 3317 1030 3384 sed,
1089 3323 1210 3370 ante
1249 3333 1460 3389 porum,
1517 3313 1714 3368 vermis

1263 3414 1380 3468 ΕΞ
