<?xml version="1.0" encoding="UTF-8"?>
<!DOCTYPE html PUBLIC "-//W3C//DTD XHTML 1.0 Transitional//EN"
    "http://www.w3.org/TR/xhtml1/DTD/xhtml1-transitional.dtd">
<html xmlns="http://www.w3.org/1999/xhtml" xml:lang="en" lang="en">
 <head>
  <title>
</title>
<meta http-equiv="Content-Type" content="text/html;charset=utf-8" />
  <meta name='ocr-system' content='tesseract 3.04.00' />
  <meta name='ocr-capabilities' content='ocr_page ocr_carea ocr_par ocr_line ocrx_word'/>
</head>
<body>
  <div class='ocr_page' id='page_1' title='image "./novaeobservation00crep_0109.png"; bbox 0 0 2111 3622; ppageno 0'>
   <div class='ocr_carea' id='block_1_1' title="bbox 731 157 1132 234">
    <p class='ocr_par' dir='ltr' id='par_1_1' title="bbox 731 157 1132 234">
     <span class='ocr_line' id='line_1_1' title="bbox 731 157 1132 234; baseline -0.01 -28"><span class='ocrx_word' id='word_1_1' title='bbox 731 157 970 234; x_wconf 67' lang='lat'>-,95</span> <span class='ocrx_word' id='word_1_2' title='bbox 1052 192 1132 202; x_wconf 80' lang='grc'><strong>-.</strong></span> 
     </span>
    </p>
   </div>
   <div class='ocr_carea' id='block_1_2' title="bbox 252 294 1753 581">
    <p class='ocr_par' dir='ltr' id='par_1_2' title="bbox 252 294 1753 581">
     <span class='ocr_line' id='line_1_2' title="bbox 354 294 1753 370; baseline 0 -16"><span class='ocrx_word' id='word_1_3' title='bbox 354 299 707 354; x_wconf 73' lang='lat' dir='ltr'><strong>articulatum.</strong></span> <span class='ocrx_word' id='word_1_4' title='bbox 784 294 961 370; x_wconf 80' lang='lat' dir='ltr'><strong>Caput</strong></span> <span class='ocrx_word' id='word_1_5' title='bbox 997 294 1444 369; x_wconf 73' lang='lat' dir='ltr'><strong>subu-iangulare,</strong></span> <span class='ocrx_word' id='word_1_6' title='bbox 1484 297 1753 364; x_wconf 84' lang='lat' dir='ltr'><strong>obtusum,</strong></span> 
     </span>
     <span class='ocr_line' id='line_1_3' title="bbox 355 396 1737 477; baseline -0.007 -21"><span class='ocrx_word' id='word_1_7' title='bbox 355 403 507 477; x_wconf 80' lang='lat' dir='ltr'><strong>apice</strong></span> <span class='ocrx_word' id='word_1_8' title='bbox 544 399 804 476; x_wconf 80' lang='lat' dir='ltr'><strong>profunde</strong></span> <span class='ocrx_word' id='word_1_9' title='bbox 839 399 985 454; x_wconf 84' lang='lat' dir='ltr'><strong>fisso.</strong></span> <span class='ocrx_word' id='word_1_10' title='bbox 1735 396 1737 399; x_wconf 78' lang='grc'>’</span> 
     </span>
     <span class='ocr_line' id='line_1_4' title="bbox 252 498 1269 581; baseline -0.006 -22"><span class='ocrx_word' id='word_1_11' title='bbox 252 498 477 581; x_wconf 79' lang='lat' dir='ltr'>Species</span> <span class='ocrx_word' id='word_1_12' title='bbox 512 504 674 559; x_wconf 84' lang='lat' dir='ltr'><strong>unica</strong></span> <span class='ocrx_word' id='word_1_13' title='bbox 707 502 988 575; x_wconf 88' lang='lat' dir='ltr'><strong>hucusque</strong></span> <span class='ocrx_word' id='word_1_14' title='bbox 1027 500 1269 574; x_wconf 74' lang='lat' dir='ltr'><strong>cognita:</strong></span> 
     </span>
    </p>
   </div>
   <div class='ocr_carea' id='block_1_3' title="bbox 395 675 1463 755">
    <p class='ocr_par' dir='ltr' id='par_1_3' title="bbox 395 675 1463 755">
     <span class='ocr_line' id='line_1_5' title="bbox 395 675 1463 755; baseline -0.005 -21"><span class='ocrx_word' id='word_1_15' title='bbox 395 678 886 755; x_wconf 78' lang='lat' dir='ltr'><strong>Selzistoceplmlus</strong></span> <span class='ocrx_word' id='word_1_16' title='bbox 923 676 1245 751; x_wconf 76' lang='lat' dir='ltr'><strong>dimorplms</strong></span> <span class='ocrx_word' id='word_1_17' title='bbox 1281 697 1333 729; x_wconf 88' lang='lat' dir='ltr'><strong>m</strong></span> <span class='ocrx_word' id='word_1_18' title='bbox 1348 676 1415 729; x_wconf 73' lang='lat' dir='ltr'><strong>ilz</strong></span> <span class='ocrx_word' id='word_1_19' title='bbox 1427 675 1463 729; x_wconf 86' lang='lat' dir='ltr'><strong>i.</strong></span> 
     </span>
    </p>
   </div>
   <div class='ocr_carea' id='block_1_4' title="bbox 89 808 1774 3252">
    <p class='ocr_par' dir='ltr' id='par_1_4' title="bbox 105 808 1756 1091">
     <span class='ocr_line' id='line_1_6' title="bbox 249 808 1756 883; baseline -0.002 -18"><span class='ocrx_word' id='word_1_20' title='bbox 249 811 423 867; x_wconf 65' lang='lat' dir='ltr'><strong>Statu</strong></span> <span class='ocrx_word' id='word_1_21' title='bbox 469 821 604 867; x_wconf 79' lang='lat' dir='ltr'><strong>ante</strong></span> <span class='ocrx_word' id='word_1_22' title='bbox 645 811 1038 868; x_wconf 76' lang='lat' dir='ltr'><strong>evolutionem.-</strong></span> <span class='ocrx_word' id='word_1_23' title='bbox 1084 808 1588 883; x_wconf 76' lang='lat' dir='ltr'><strong>(Bothriocephalus</strong></span> <span class='ocrx_word' id='word_1_24' title='bbox 1634 810 1756 863; x_wconf 79' lang='lat' dir='ltr'><strong>soli-</strong></span> 
     </span>
     <span class='ocr_line' id='line_1_7' title="bbox 105 912 1756 989; baseline -0.001 -22"><span class='ocrx_word' id='word_1_25' title='bbox 105 914 204 967; x_wconf 88' lang='lat' dir='ltr'><strong>dus</strong></span> <span class='ocrx_word' id='word_1_26' title='bbox 242 913 329 986; x_wconf 88' lang='lat' dir='ltr'><strong>R.)</strong></span> <span class='ocrx_word' id='word_1_27' title='bbox 404 915 642 989; x_wconf 83' lang='lat' dir='ltr'>Corpore</span> <span class='ocrx_word' id='word_1_28' title='bbox 679 913 1032 987; x_wconf 86' lang='lat' dir='ltr'><strong>planiuscu10‚</strong></span> <span class='ocrx_word' id='word_1_29' title='bbox 1070 912 1213 966; x_wconf 88' lang='lat' dir='ltr'><strong>linea</strong></span> <span class='ocrx_word' id='word_1_30' title='bbox 1250 913 1497 966; x_wconf 87' lang='lat' dir='ltr'><strong>mediana</strong></span> <span class='ocrx_word' id='word_1_31' title='bbox 1532 912 1756 984; x_wconf 76' lang='lat' dir='ltr'><strong>longitu-</strong></span> 
     </span>
     <span class='ocr_line' id='line_1_8' title="bbox 106 1015 1514 1091; baseline -0.002 -21"><span class='ocrx_word' id='word_1_32' title='bbox 106 1017 273 1071; x_wconf 87' lang='lat' dir='ltr'><strong>dinali</strong></span> <span class='ocrx_word' id='word_1_33' title='bbox 310 1018 568 1091; x_wconf 83' lang='lat' dir='ltr'><strong>impressa</strong></span> <span class='ocrx_word' id='word_1_34' title='bbox 607 1016 964 1090; x_wconf 89' lang='lat' dir='ltr'><strong>(saepissime)</strong></span> <span class='ocrx_word' id='word_1_35' title='bbox 1001 1015 1251 1089; x_wconf 77' lang='lat' dir='ltr'><strong>utrinque</strong></span> <span class='ocrx_word' id='word_1_36' title='bbox 1291 1015 1514 1069; x_wconf 76' lang='lat' dir='ltr'><strong>sulcato.</strong></span> 
     </span>
    </p>

    <p class='ocr_par' dir='ltr' id='par_1_5' title="bbox 102 1116 1774 1380">
     <span class='ocr_line' id='line_1_9' title="bbox 247 1116 1756 1192; baseline -0.003 -18"><span class='ocrx_word' id='word_1_37' title='bbox 247 1120 419 1174; x_wconf 74' lang='lat' dir='ltr'><strong>Statu</strong></span> <span class='ocrx_word' id='word_1_38' title='bbox 457 1120 704 1174; x_wconf 72' lang='lat' dir='ltr'><strong>evoluto.-</strong></span> <span class='ocrx_word' id='word_1_39' title='bbox 741 1119 943 1188; x_wconf 73' lang='lat' dir='ltr'><strong>(Bothr.</strong></span> <span class='ocrx_word' id='word_1_40' title='bbox 982 1119 1217 1173; x_wconf 89' lang='lat' dir='ltr'><strong>nodosus</strong></span> <span class='ocrx_word' id='word_1_41' title='bbox 1257 1116 1341 1182; x_wconf 89' lang='lat' dir='ltr'><strong>R.)</strong></span> <span class='ocrx_word' id='word_1_42' title='bbox 1383 1116 1619 1192; x_wconf 85' lang='lat' dir='ltr'>Corpore</span> <span class='ocrx_word' id='word_1_43' title='bbox 1647 1118 1756 1190; x_wconf 82' lang='lat' dir='ltr'><strong>pla-</strong></span> 
     </span>
     <span class='ocr_line' id='line_1_10' title="bbox 103 1208 1774 1289; baseline 0 -13"><span class='ocrx_word' id='word_1_44' title='bbox 103 1242 195 1289; x_wconf 84' lang='lat' dir='ltr'><strong>no,</strong></span> <span class='ocrx_word' id='word_1_45' title='bbox 242 1221 434 1277; x_wconf 85' lang='lat' dir='ltr'><strong>ovariis</strong></span> <span class='ocrx_word' id='word_1_46' title='bbox 479 1221 535 1275; x_wconf 90' lang='lat' dir='ltr'><strong>in</strong></span> <span class='ocrx_word' id='word_1_47' title='bbox 573 1220 750 1275; x_wconf 87' lang='lat' dir='ltr'><strong>medio</strong></span> <span class='ocrx_word' id='word_1_48' title='bbox 803 1221 1147 1275; x_wconf 76' lang='lat' dir='ltr'><strong>articulorum</strong></span> <span class='ocrx_word' id='word_1_49' title='bbox 1195 1219 1433 1287; x_wconf 80' lang='lat' dir='ltr'><strong>elevatis,</strong></span> <span class='ocrx_word' id='word_1_50' title='bbox 1481 1208 1774 1276; x_wconf 79' lang='lat' dir='ltr'><strong>lemniscis</strong></span> 
     </span>
     <span class='ocr_line' id='line_1_11' title="bbox 102 1324 445 1380; baseline -0.006 -2"><span class='ocrx_word' id='word_1_51' title='bbox 102 1324 445 1380; x_wconf 82' lang='lat' dir='ltr'><strong>brevissimis.</strong></span> 
     </span>
    </p>

    <p class='ocr_par' dir='ltr' id='par_1_6' title="bbox 89 1424 1757 3252">
     <span class='ocr_line' id='line_1_12' title="bbox 249 1424 1756 1501; baseline -0.002 -21"><span class='ocrx_word' id='word_1_52' title='bbox 249 1426 406 1480; x_wconf 77' lang='lat' dir='ltr'><strong>Statu</strong></span> <span class='ocrx_word' id='word_1_53' title='bbox 442 1426 606 1501; x_wconf 84' lang='lat' dir='ltr'><strong>priori</strong></span> <span class='ocrx_word' id='word_1_54' title='bbox 644 1445 754 1480; x_wconf 89' lang='lat' dir='ltr'><strong>non</strong></span> <span class='ocrx_word' id='word_1_55' title='bbox 792 1426 998 1492; x_wconf 88' lang='lat' dir='ltr'><strong>solum,</strong></span> <span class='ocrx_word' id='word_1_56' title='bbox 1050 1425 1130 1479; x_wconf 82' lang='lat' dir='ltr'><strong>uti</strong></span> <span class='ocrx_word' id='word_1_57' title='bbox 1169 1425 1247 1479; x_wconf 89' lang='lat' dir='ltr'><strong>ill.</strong></span> <span class='ocrx_word' id='word_1_58' title='bbox 1289 1426 1482 1480; x_wconf 64' lang='lat' dir='ltr'><strong>Baelo</strong></span> <span class='ocrx_word' id='word_1_59' title='bbox 1498 1424 1644 1499; x_wconf 75' lang='lat' dir='ltr'><strong>Iphi</strong></span> <span class='ocrx_word' id='word_1_60' title='bbox 1681 1425 1756 1478; x_wconf 87' lang='lat' dir='ltr'><strong>in-</strong></span> 
     </span>
     <span class='ocr_line' id='line_1_13' title="bbox 101 1527 1756 1607; baseline -0.002 -24"><span class='ocrx_word' id='word_1_61' title='bbox 101 1529 275 1607; x_wconf 26' lang='lat' dir='ltr'><strong>dicat&amp;</strong></span> <span class='ocrx_word' id='word_1_62' title='bbox 305 1529 362 1583; x_wconf 89' lang='lat' dir='ltr'><strong>in</strong></span> <span class='ocrx_word' id='word_1_63' title='bbox 381 1528 728 1584; x_wconf 79' lang='lat' dir='ltr'><strong>·Gasterostei</strong></span> <span class='ocrx_word' id='word_1_64' title='bbox 776 1528 1020 1594; x_wconf 80' lang='lat' dir='ltr'>aculeati,</span> <span class='ocrx_word' id='word_1_65' title='bbox 1073 1528 1170 1583; x_wconf 88' lang='lat' dir='ltr'><strong>sed</strong></span> <span class='ocrx_word' id='word_1_66' title='bbox 1216 1529 1389 1583; x_wconf 82' lang='lat' dir='ltr'><strong>multo</strong></span> <span class='ocrx_word' id='word_1_67' title='bbox 1439 1528 1652 1602; x_wconf 87' lang='lat' dir='ltr'><strong>saepius</strong></span> <span class='ocrx_word' id='word_1_68' title='bbox 1700 1527 1756 1581; x_wconf 90' lang='lat' dir='ltr'><strong>in</strong></span> 
     </span>
     <span class='ocr_line' id='line_1_14' title="bbox 101 1626 1756 1706; baseline -0.001 -21"><span class='ocrx_word' id='word_1_69' title='bbox 101 1631 451 1687; x_wconf 76' lang='lat' dir='ltr'><strong>Gasterostei</strong></span> <span class='ocrx_word' id='word_1_70' title='bbox 480 1630 727 1706; x_wconf 76' lang='lat' dir='ltr'><strong>pungitii</strong></span> <span class='ocrx_word' id='word_1_71' title='bbox 765 1630 1048 1684; x_wconf 80' lang='lat' dir='ltr'>abdomine</span> <span class='ocrx_word' id='word_1_72' title='bbox 1086 1630 1306 1686; x_wconf 79' lang='lat' dir='ltr'><strong>habitat.</strong></span> <span class='ocrx_word' id='word_1_73' title='bbox 1382 1630 1494 1685; x_wconf 87' lang='lat' dir='ltr'><strong>Hos</strong></span> <span class='ocrx_word' id='word_1_74' title='bbox 1531 1626 1756 1704; x_wconf 83' lang='lat' dir='ltr'><strong>piscicu-</strong></span> 
     </span>
     <span class='ocr_line' id='line_1_15' title="bbox 101 1733 1757 1809; baseline 0 -21"><span class='ocrx_word' id='word_1_75' title='bbox 101 1735 184 1790; x_wconf 76' lang='lat' dir='ltr'><strong>los</strong></span> <span class='ocrx_word' id='word_1_76' title='bbox 232 1744 474 1809; x_wconf 77' lang='lat' dir='ltr'><strong>tempore</strong></span> <span class='ocrx_word' id='word_1_77' title='bbox 522 1753 684 1790; x_wconf 88' lang='lat' dir='ltr'><strong>verno</strong></span> <span class='ocrx_word' id='word_1_78' title='bbox 737 1743 789 1788; x_wconf 74' lang='lat' dir='ltr'><strong>et</strong></span> <span class='ocrx_word' id='word_1_79' title='bbox 839 1733 1080 1788; x_wconf 79' lang='lat' dir='ltr'><strong>aestivali</strong></span> <span class='ocrx_word' id='word_1_80' title='bbox 1118 1734 1341 1799; x_wconf 84' lang='lat' dir='ltr'><strong>ssuviuS‚</strong></span> <span class='ocrx_word' id='word_1_81' title='bbox 1383 1737 1533 1808; x_wconf 88' lang='lat' dir='ltr'><strong>cujus</strong></span> <span class='ocrx_word' id='word_1_82' title='bbox 1574 1734 1757 1788; x_wconf 84' lang='lat' dir='ltr'><strong>accola</strong></span> 
     </span>
     <span class='ocr_line' id='line_1_16' title="bbox 100 1836 1757 1914; baseline -0.001 -23"><span class='ocrx_word' id='word_1_83' title='bbox 100 1838 217 1914; x_wconf 80' lang='lat' dir='ltr'><strong>ipse</strong></span> <span class='ocrx_word' id='word_1_84' title='bbox 256 1858 394 1904; x_wconf 83' lang='lat' dir='ltr'><strong>sum,</strong></span> <span class='ocrx_word' id='word_1_85' title='bbox 437 1859 466 1893; x_wconf 92' lang='lat' dir='ltr'><strong>e</strong></span> <span class='ocrx_word' id='word_1_86' title='bbox 505 1839 637 1892; x_wconf 89' lang='lat' dir='ltr'><strong>mari</strong></span> <span class='ocrx_word' id='word_1_87' title='bbox 674 1836 871 1891; x_wconf 72' lang='lat' dir='ltr'><strong>baltico</strong></span> <span class='ocrx_word' id='word_1_88' title='bbox 902 1856 1111 1891; x_wconf 87' lang='lat' dir='ltr'><strong>summa</strong></span> <span class='ocrx_word' id='word_1_89' title='bbox 1151 1837 1306 1911; x_wconf 85' lang='lat' dir='ltr'><strong>copia</strong></span> <span class='ocrx_word' id='word_1_90' title='bbox 1344 1837 1568 1911; x_wconf 81' lang='lat' dir='ltr'><strong>accipit3</strong></span> <span class='ocrx_word' id='word_1_91' title='bbox 1608 1846 1757 1911; x_wconf 85' lang='lat' dir='ltr'><strong>quot-</strong></span> 
     </span>
     <span class='ocr_line' id='line_1_17' title="bbox 99 1937 1754 2014; baseline -0.001 -20"><span class='ocrx_word' id='word_1_92' title='bbox 99 1951 232 2014; x_wconf 81' lang='lat' dir='ltr'><strong>quot</strong></span> <span class='ocrx_word' id='word_1_93' title='bbox 284 1937 463 1995; x_wconf 68' lang='lat' dir='ltr'><strong>aulem</strong></span> <span class='ocrx_word' id='word_1_94' title='bbox 531 1961 716 1996; x_wconf 83' lang='lat' dir='ltr'><strong>eorum</strong></span> <span class='ocrx_word' id='word_1_95' title='bbox 770 1941 1048 2013; x_wconf 87' lang='lat' dir='ltr'><strong>hucusque</strong></span> <span class='ocrx_word' id='word_1_96' title='bbox 1103 1938 1328 1993; x_wconf 80' lang='lat' dir='ltr'><strong>viderim</strong></span> <span class='ocrx_word' id='word_1_97' title='bbox 1392 1950 1445 1994; x_wconf 77' lang='lat' dir='ltr'><strong>et</strong></span> <span class='ocrx_word' id='word_1_98' title='bbox 1499 1940 1754 2014; x_wconf 82' lang='lat' dir='ltr'><strong>ceperim,</strong></span> 
     </span>
     <span class='ocr_line' id='line_1_18' title="bbox 98 2043 1756 2117; baseline 0.001 -21"><span class='ocrx_word' id='word_1_99' title='bbox 98 2044 347 2099; x_wconf 89' lang='lat' dir='ltr'><strong>omnibus</strong></span> <span class='ocrx_word' id='word_1_100' title='bbox 394 2065 423 2098; x_wconf 88' lang='lat' dir='ltr'><strong>a</strong></span> <span class='ocrx_word' id='word_1_101' title='bbox 462 2044 906 2117; x_wconf 82' lang='lat' dir='ltr'><strong>Schistocephalo</strong></span> <span class='ocrx_word' id='word_1_102' title='bbox 955 2043 1195 2115; x_wconf 77' lang='lat' dir='ltr'><strong>singulo,</strong></span> <span class='ocrx_word' id='word_1_103' title='bbox 1242 2052 1348 2097; x_wconf 74' lang='lat' dir='ltr'><strong>,aut</strong></span> <span class='ocrx_word' id='word_1_104' title='bbox 1394 2043 1598 2117; x_wconf 81' lang='lat' dir='ltr'><strong>aliquot</strong></span> <span class='ocrx_word' id='word_1_105' title='bbox 1642 2046 1756 2116; x_wconf 88' lang='lat' dir='ltr'><strong>ejus</strong></span> 
     </span>
     <span class='ocr_line' id='line_1_19' title="bbox 89 2145 1755 2221; baseline 0.001 -23"><span class='ocrx_word' id='word_1_106' title='bbox 89 2145 411 2211; x_wconf 85' lang='lat' dir='ltr'><strong>individuis,</strong></span> <span class='ocrx_word' id='word_1_107' title='bbox 473 2147 738 2202; x_wconf 83' lang='lat' dir='ltr'><strong>abdomen</strong></span> <span class='ocrx_word' id='word_1_108' title='bbox 785 2147 1134 2201; x_wconf 78' lang='lat' dir='ltr'><strong>tumefactum</strong></span> <span class='ocrx_word' id='word_1_109' title='bbox 1175 2155 1315 2211; x_wconf 81' lang='lat' dir='ltr'><strong>erat,</strong></span> <span class='ocrx_word' id='word_1_110' title='bbox 1378 2166 1501 2200; x_wconf 89' lang='lat' dir='ltr'><strong>cum</strong></span> <span class='ocrx_word' id='word_1_111' title='bbox 1561 2146 1755 2221; x_wconf 90' lang='lat' dir='ltr'><strong>quibus</strong></span> 
     </span>
     <span class='ocr_line' id='line_1_20' title="bbox 97 2249 1755 2329; baseline 0.002 -27"><span class='ocrx_word' id='word_1_112' title='bbox 97 2258 278 2304; x_wconf 70' lang='lat' dir='ltr'><strong>tamen</strong></span> <span class='ocrx_word' id='word_1_113' title='bbox 315 2251 492 2329; x_wconf 56' lang='lat' dir='ltr'><strong>vivide</strong></span> <span class='ocrx_word' id='word_1_114' title='bbox 530 2251 799 2305; x_wconf 74' lang='lat' dir='ltr'><strong>natabant.</strong></span> <span class='ocrx_word' id='word_1_115' title='bbox 875 2249 1022 2304; x_wconf 86' lang='lat' dir='ltr'><strong>Haec</strong></span> <span class='ocrx_word' id='word_1_116' title='bbox 1052 2249 1352 2304; x_wconf 81' lang='lat' dir='ltr'><strong>observatio</strong></span> <span class='ocrx_word' id='word_1_117' title='bbox 1392 2250 1500 2305; x_wconf 86' lang='lat' dir='ltr'><strong>fere</strong></span> <span class='ocrx_word' id='word_1_118' title='bbox 1539 2249 1755 2305; x_wconf 85' lang='lat' dir='ltr'><strong>credere</strong></span> 
     </span>
     <span class='ocr_line' id='line_1_21' title="bbox 96 2350 1755 2427; baseline 0.002 -24"><span class='ocrx_word' id='word_1_119' title='bbox 96 2350 271 2406; x_wconf 84' lang='lat' dir='ltr'><strong>facere</strong></span> <span class='ocrx_word' id='word_1_120' title='bbox 317 2362 530 2427; x_wconf 79' lang='lat' dir='ltr'><strong>posset,</strong></span> <span class='ocrx_word' id='word_1_121' title='bbox 587 2355 720 2408; x_wconf 75' lang='lat' dir='ltr'><strong>istos</strong></span> <span class='ocrx_word' id='word_1_122' title='bbox 778 2353 1070 2427; x_wconf 86' lang='lat' dir='ltr'><strong>pisciculos</strong></span> <span class='ocrx_word' id='word_1_123' title='bbox 1119 2351 1548 2425; x_wconf 78' lang='lat' dir='ltr'><strong>Schislocephali</strong></span> <span class='ocrx_word' id='word_1_124' title='bbox 1595 2371 1755 2408; x_wconf 86' lang='lat' dir='ltr'><strong>causa</strong></span> 
     </span>
     <span class='ocr_line' id='line_1_22' title="bbox 98 2455 1754 2528; baseline 0.002 -22"><span class='ocrx_word' id='word_1_125' title='bbox 98 2463 305 2508; x_wconf 71' lang='lat' dir='ltr'><strong>tantum</strong></span> <span class='ocrx_word' id='word_1_126' title='bbox 355 2466 558 2511; x_wconf 71' lang='lat' dir='ltr'><strong>creatos</strong></span> <span class='ocrx_word' id='word_1_127' title='bbox 609 2475 755 2522; x_wconf 90' lang='lat' dir='ltr'><strong>esse,</strong></span> <span class='ocrx_word' id='word_1_128' title='bbox 806 2464 1112 2528; x_wconf 81' lang='lat' dir='ltr'><strong>statumque</strong></span> <span class='ocrx_word' id='word_1_129' title='bbox 1162 2455 1474 2510; x_wconf 87' lang='lat' dir='ltr'><strong>abnormem</strong></span> <span class='ocrx_word' id='word_1_130' title='bbox 1513 2476 1655 2520; x_wconf 87' lang='lat' dir='ltr'><strong>esse,</strong></span> <span class='ocrx_word' id='word_1_131' title='bbox 1707 2455 1754 2511; x_wconf 90' lang='lat' dir='ltr'><strong>si</strong></span> 
     </span>
     <span class='ocr_line' id='line_1_23' title="bbox 95 2555 1754 2615; baseline 0.002 -6"><span class='ocrx_word' id='word_1_132' title='bbox 95 2555 201 2610; x_wconf 91' lang='lat' dir='ltr'><strong>hoc</strong></span> <span class='ocrx_word' id='word_1_133' title='bbox 239 2567 508 2612; x_wconf 81' lang='lat' dir='ltr'><strong>entozoon</strong></span> <span class='ocrx_word' id='word_1_134' title='bbox 539 2578 650 2612; x_wconf 89' lang='lat' dir='ltr'><strong>non</strong></span> <span class='ocrx_word' id='word_1_135' title='bbox 698 2558 929 2613; x_wconf 73' lang='lat' dir='ltr'><strong>foveant.</strong></span> <span class='ocrx_word' id='word_1_136' title='bbox 1005 2557 1078 2610; x_wconf 91' lang='lat' dir='ltr'><strong>·In</strong></span> <span class='ocrx_word' id='word_1_137' title='bbox 1135 2558 1461 2615; x_wconf 70' lang='lat' dir='ltr'><strong>Gasteroslei</strong></span> <span class='ocrx_word' id='word_1_138' title='bbox 1527 2559 1754 2613; x_wconf 78' lang='lat' dir='ltr'><strong>aculeati</strong></span> 
     </span>
     <span class='ocr_line' id='line_1_24' title="bbox 94 2658 1751 2737; baseline 0.003 -26"><span class='ocrx_word' id='word_1_139' title='bbox 94 2658 381 2716; x_wconf 86' lang='lat' dir='ltr'><strong>abdomine</strong></span> <span class='ocrx_word' id='word_1_140' title='bbox 414 2662 592 2716; x_wconf 52' lang='lat' dir='ltr'><strong>„etiam</strong></span> <span class='ocrx_word' id='word_1_141' title='bbox 642 2661 958 2716; x_wconf 86' lang='lat' dir='ltr'><strong>creberrime</strong></span> <span class='ocrx_word' id='word_1_142' title='bbox 1011 2661 1184 2730; x_wconf 82' lang='lat' dir='ltr'><strong>adest3</strong></span> <span class='ocrx_word' id='word_1_143' title='bbox 1234 2671 1288 2716; x_wconf 82' lang='lat' dir='ltr'><strong>et</strong></span> <span class='ocrx_word' id='word_1_144' title='bbox 1331 2663 1456 2737; x_wconf 86' lang='lat' dir='ltr'><strong>quis</strong></span> <span class='ocrx_word' id='word_1_145' title='bbox 1495 2663 1751 2728; x_wconf 79' lang='lat' dir='ltr'><strong>crederet,</strong></span> 
     </span>
     <span class='ocr_line' id='line_1_25' title="bbox 92 2763 1749 2840; baseline 0.004 -25"><span class='ocrx_word' id='word_1_146' title='bbox 92 2781 290 2818; x_wconf 89' lang='lat' dir='ltr'><strong>novem</strong></span> <span class='ocrx_word' id='word_1_147' title='bbox 336 2764 610 2819; x_wconf 87' lang='lat' dir='ltr'><strong>individua</strong></span> <span class='ocrx_word' id='word_1_148' title='bbox 646 2783 754 2818; x_wconf 91' lang='lat' dir='ltr'><strong>uno</strong></span> <span class='ocrx_word' id='word_1_149' title='bbox 793 2763 910 2819; x_wconf 93' lang='lat' dir='ltr'><strong>solo</strong></span> <span class='ocrx_word' id='word_1_150' title='bbox 958 2764 1011 2817; x_wconf 91' lang='lat' dir='ltr'><strong>in</strong></span> <span class='ocrx_word' id='word_1_151' title='bbox 1055 2764 1397 2819; x_wconf 80' lang='lat' dir='ltr'><strong>Gasterosteo</strong></span> <span class='ocrx_word' id='word_1_152' title='bbox 1433 2766 1594 2839; x_wconf 89' lang='lat' dir='ltr'><strong>hujus</strong></span> <span class='ocrx_word' id='word_1_153' title='bbox 1631 2785 1749 2840; x_wconf 88' lang='lat' dir='ltr'><strong>spe-</strong></span> 
     </span>
     <span class='ocr_line' id='line_1_26' title="bbox 94 2854 1750 2941; baseline 0.003 -24"><span class='ocrx_word' id='word_1_154' title='bbox 94 2865 196 2920; x_wconf 90' lang='lat' dir='ltr'><strong>ciei</strong></span> <span class='ocrx_word' id='word_1_155' title='bbox 235 2854 422 2923; x_wconf 83' lang='lat' dir='ltr'><strong>adesse</strong></span> <span class='ocrx_word' id='word_1_156' title='bbox 460 2887 640 2941; x_wconf 84' lang='lat' dir='ltr'><strong>posse,</strong></span> <span class='ocrx_word' id='word_1_157' title='bbox 681 2887 816 2940; x_wconf 87' lang='lat' dir='ltr'><strong>quae</strong></span> <span class='ocrx_word' id='word_1_158' title='bbox 854 2875 1036 2920; x_wconf 72' lang='lat' dir='ltr'><strong>tamen</strong></span> <span class='ocrx_word' id='word_1_159' title='bbox 1074 2867 1190 2941; x_wconf 88' lang='lat' dir='ltr'><strong>ipse</strong></span> <span class='ocrx_word' id='word_1_160' title='bbox 1228 2868 1518 2924; x_wconf 86' lang='lat' dir='ltr'><strong>Decembri</strong></span> <span class='ocrx_word' id='word_1_161' title='bbox 1563 2888 1750 2923; x_wconf 88' lang='lat' dir='ltr'><strong>mense</strong></span> 
     </span>
     <span class='ocr_line' id='line_1_27' title="bbox 93 2968 1749 3038; baseline 0.002 -18"><span class='ocrx_word' id='word_1_162' title='bbox 93 2968 219 3021; x_wconf 89' lang='lat' dir='ltr'><strong>anni</strong></span> <span class='ocrx_word' id='word_1_163' title='bbox 260 2970 416 3025; x_wconf 78' lang='lat'><strong>1826.</strong></span> <span class='ocrx_word' id='word_1_164' title='bbox 457 2991 524 3025; x_wconf 79' lang='lat' dir='ltr'><strong>ex</strong></span> <span class='ocrx_word' id='word_1_165' title='bbox 564 2990 628 3024; x_wconf 92' lang='lat' dir='ltr'><strong>eo</strong></span> <span class='ocrx_word' id='word_1_166' title='bbox 676 2970 910 3026; x_wconf 85' lang='lat' dir='ltr'><strong>liberavi.</strong></span> <span class='ocrx_word' id='word_1_167' title='bbox 986 2968 1069 3024; x_wconf 88' lang='lat' dir='ltr'><strong>Ne</strong></span> <span class='ocrx_word' id='word_1_168' title='bbox 1111 2972 1292 3027; x_wconf 79' lang='lat' dir='ltr'><strong>credas</strong></span> <span class='ocrx_word' id='word_1_169' title='bbox 1331 2992 1474 3038; x_wconf 79' lang='lat' dir='ltr'><strong>vem,</strong></span> <span class='ocrx_word' id='word_1_170' title='bbox 1516 2971 1749 3026; x_wconf 86' lang='lat' dir='ltr'><strong>Schisto-</strong></span> 
     </span>
     <span class='ocr_line' id='line_1_28' title="bbox 91 3070 1750 3147; baseline 0.002 -24"><span class='ocrx_word' id='word_1_171' title='bbox 91 3070 346 3144; x_wconf 89' lang='lat' dir='ltr'><strong>cephalos</strong></span> <span class='ocrx_word' id='word_1_172' title='bbox 372 3093 564 3147; x_wconf 86' lang='lat' dir='ltr'><strong>parvos</strong></span> <span class='ocrx_word' id='word_1_173' title='bbox 592 3073 756 3128; x_wconf 82' lang='lat' dir='ltr'><strong>fuisse</strong></span> <span class='ocrx_word' id='word_1_174' title='bbox 792 3082 847 3128; x_wconf 78' lang='lat' dir='ltr'><strong>et</strong></span> <span class='ocrx_word' id='word_1_175' title='bbox 875 3073 1277 3129; x_wconf 81' lang='lat' dir='ltr'><strong>Gasterosteum</strong></span> <span class='ocrx_word' id='word_1_176' title='bbox 1302 3095 1571 3147; x_wconf 71' lang='lat' dir='ltr'><strong>magnum.</strong></span> <span class='ocrx_word' id='word_1_177' title='bbox 1646 3073 1750 3127; x_wconf 89' lang='lat' dir='ltr'><strong>Hic</strong></span> 
     </span>
     <span class='ocr_line' id='line_1_29' title="bbox 95 3175 1748 3252; baseline 0.002 -26"><span class='ocrx_word' id='word_1_178' title='bbox 95 3184 279 3229; x_wconf 78' lang='lat' dir='ltr'><strong>contra</strong></span> <span class='ocrx_word' id='word_1_179' title='bbox 339 3175 546 3248; x_wconf 81' lang='lat' dir='ltr'><strong>magnis</strong></span> <span class='ocrx_word' id='word_1_180' title='bbox 597 3185 734 3231; x_wconf 84' lang='lat' dir='ltr'><strong>suae</strong></span> <span class='ocrx_word' id='word_1_181' title='bbox 772 3176 973 3252; x_wconf 88' lang='lat' dir='ltr'><strong>speciei</strong></span> <span class='ocrx_word' id='word_1_182' title='bbox 1020 3196 1130 3231; x_wconf 92' lang='lat' dir='ltr'><strong>non</strong></span> <span class='ocrx_word' id='word_1_183' title='bbox 1189 3177 1642 3242; x_wconf 80' lang='lat' dir='ltr'><strong>adnumerandus,</strong></span> <span class='ocrx_word' id='word_1_184' title='bbox 1694 3187 1748 3231; x_wconf 88' lang='lat' dir='ltr'><strong>et</strong></span> 
     </span>
    </p>
   </div>
   <div class='ocr_carea' id='block_1_5' title="bbox 94 3274 1110 3352">
    <p class='ocr_par' dir='ltr' id='par_1_7' title="bbox 94 3274 1110 3352">
     <span class='ocr_line' id='line_1_30' title="bbox 94 3274 1110 3352; baseline 0.005 -24"><span class='ocrx_word' id='word_1_185' title='bbox 94 3274 523 3351; x_wconf 82' lang='lat' dir='ltr'><strong>Schistocephali</strong></span> <span class='ocrx_word' id='word_1_186' title='bbox 562 3279 690 3335; x_wconf 75' lang='lat' dir='ltr'><strong>satis</strong></span> <span class='ocrx_word' id='word_1_187' title='bbox 727 3281 906 3352; x_wconf 80' lang='lat' dir='ltr'><strong>magni</strong></span> <span class='ocrx_word' id='word_1_188' title='bbox 945 3289 1110 3335; x_wconf 85' lang='lat' dir='ltr'><strong>erant.</strong></span> 
     </span>
    </p>
   </div>
  </div>
 </body>
</html>
