<?xml version="1.0" encoding="UTF-8"?>
<!DOCTYPE html PUBLIC "-//W3C//DTD XHTML 1.0 Transitional//EN"
    "http://www.w3.org/TR/xhtml1/DTD/xhtml1-transitional.dtd">
<html xmlns="http://www.w3.org/1999/xhtml" xml:lang="en" lang="en">
 <head>
  <title>
</title>
<meta http-equiv="Content-Type" content="text/html;charset=utf-8" />
  <meta name='ocr-system' content='tesseract 3.04.00' />
  <meta name='ocr-capabilities' content='ocr_page ocr_carea ocr_par ocr_line ocrx_word'/>
</head>
<body>
  <div class='ocr_page' id='page_1' title='image "./novaeobservation00crep_0050.png"; bbox 0 0 2111 3622; ppageno 0'>
   <div class='ocr_carea' id='block_1_1' title="bbox 362 176 2036 502">
    <p class='ocr_par' dir='ltr' id='par_1_1' title="bbox 362 176 2036 502">
     <span class='ocr_line' id='line_1_1' title="bbox 998 176 1402 235; baseline -0.002 -12"><span class='ocrx_word' id='word_1_1' title='bbox 998 211 1080 223; x_wconf 74' lang='lat'>..</span> <span class='ocrx_word' id='word_1_2' title='bbox 1160 176 1240 235; x_wconf 75' lang='lat'>30</span> <span class='ocrx_word' id='word_1_3' title='bbox 1323 210 1402 222; x_wconf 86' lang='grc'>..-</span> 
     </span>
     <span class='ocr_line' id='line_1_2' title="bbox 505 315 2036 391; baseline -0.004 -16"><span class='ocrx_word' id='word_1_4' title='bbox 505 318 653 375; x_wconf 88' lang='lat' dir='ltr'>Num</span> <span class='ocrx_word' id='word_1_5' title='bbox 688 317 824 373; x_wconf 85' lang='lat' dir='ltr'>haec</span> <span class='ocrx_word' id='word_1_6' title='bbox 863 328 944 374; x_wconf 88' lang='lat' dir='ltr'>est</span> <span class='ocrx_word' id='word_1_7' title='bbox 982 316 1337 391; x_wconf 83' lang='lat' dir='ltr'>Spiroptera‘?</span> <span class='ocrx_word' id='word_1_8' title='bbox 1384 315 1530 371; x_wconf 89' lang='lat' dir='ltr'>Tum</span> <span class='ocrx_word' id='word_1_9' title='bbox 1570 315 1916 390; x_wconf 82' lang='lat' dir='ltr'>Spiropterae</span> <span class='ocrx_word' id='word_1_10' title='bbox 1963 317 2036 370; x_wconf 87' lang='lat' dir='ltr'>bi-</span> 
     </span>
     <span class='ocr_line' id='line_1_3' title="bbox 362 423 923 502; baseline -0.007 -22"><span class='ocrx_word' id='word_1_11' title='bbox 362 423 571 502; x_wconf 79' lang='lat' dir='ltr'>cuspidi</span> <span class='ocrx_word' id='word_1_12' title='bbox 611 423 784 479; x_wconf 82' lang='lat' dir='ltr'>affinis</span> <span class='ocrx_word' id='word_1_13' title='bbox 824 431 923 478; x_wconf 85' lang='lat' dir='ltr'>est.</span> 
     </span>
    </p>
   </div>
   <div class='ocr_carea' id='block_1_2' title="bbox 943 596 1451 652">
    <p class='ocr_par' dir='ltr' id='par_1_2' title="bbox 943 596 1451 652">
     <span class='ocr_line' id='line_1_4' title="bbox 943 596 1451 652; baseline -0.006 0"><span class='ocrx_word' id='word_1_14' title='bbox 943 597 1094 652; x_wconf 73' lang='lat' dir='ltr'>Lari</span> <span class='ocrx_word' id='word_1_15' title='bbox 1140 596 1451 651; x_wconf 64' lang='lat' dir='ltr'>ridibundi.</span> 
     </span>
    </p>
   </div>
   <div class='ocr_carea' id='block_1_3' title="bbox 365 729 2066 2463">
    <p class='ocr_par' dir='ltr' id='par_1_3' title="bbox 365 729 2066 2046">
     <span class='ocr_line' id='line_1_5' title="bbox 508 729 2037 805; baseline -0.003 -16"><span class='ocrx_word' id='word_1_16' title='bbox 508 735 630 790; x_wconf 83' lang='lat' dir='ltr'>Am.</span> <span class='ocrx_word' id='word_1_17' title='bbox 678 733 1041 805; x_wconf 74' lang='lat' dir='ltr'>Schilling</span> <span class='ocrx_word' id='word_1_18' title='bbox 1099 730 1517 785; x_wconf 86' lang='lat' dir='ltr'>Nematoideum</span> <span class='ocrx_word' id='word_1_19' title='bbox 1581 729 1876 784; x_wconf 78' lang='lat' dir='ltr'>femineum</span> <span class='ocrx_word' id='word_1_20' title='bbox 1923 733 2037 785; x_wconf 90' lang='lat' dir='ltr'>uni-</span> 
     </span>
     <span class='ocr_line' id='line_1_6' title="bbox 365 824 2038 907; baseline -0.004 -11"><span class='ocrx_word' id='word_1_21' title='bbox 365 861 488 896; x_wconf 91' lang='lat' dir='ltr'>cum</span> <span class='ocrx_word' id='word_1_22' title='bbox 539 839 596 892; x_wconf 87' lang='lat' dir='ltr'>in</span> <span class='ocrx_word' id='word_1_23' title='bbox 644 857 775 892; x_wconf 87' lang='lat' dir='ltr'>cavo</span> <span class='ocrx_word' id='word_1_24' title='bbox 823 837 938 891; x_wconf 89' lang='lat' dir='ltr'>nasi</span> <span class='ocrx_word' id='word_1_25' title='bbox 978 834 1129 888; x_wconf 72' lang='lat' dir='ltr'>Lari</span> <span class='ocrx_word' id='word_1_26' title='bbox 1166 833 1456 886; x_wconf 75' lang='lat' dir='ltr'>ridibumli</span> <span class='ocrx_word' id='word_1_27' title='bbox 1503 834 1553 886; x_wconf 88' lang='lat' dir='ltr'>d.</span> <span class='ocrx_word' id='word_1_28' title='bbox 1604 837 1654 889; x_wconf 89' lang='lat'>7.</span> <span class='ocrx_word' id='word_1_29' title='bbox 1704 833 1840 907; x_wconf 81' lang='lat' dir='ltr'>Aug.</span> <span class='ocrx_word' id='word_1_30' title='bbox 1892 824 2038 890; x_wconf 62' lang='lat'><strong>‘1826</strong></span> 
     </span>
     <span class='ocr_line' id='line_1_7' title="bbox 367 937 2039 1015; baseline -0.005 -16"><span class='ocrx_word' id='word_1_31' title='bbox 367 966 396 998; x_wconf 89' lang='lat' dir='ltr'>a</span> <span class='ocrx_word' id='word_1_32' title='bbox 442 963 501 999; x_wconf 87' lang='lat' dir='ltr'>se</span> <span class='ocrx_word' id='word_1_33' title='bbox 547 950 823 1015; x_wconf 87' lang='lat' dir='ltr'>repertum</span> <span class='ocrx_word' id='word_1_34' title='bbox 882 938 1148 994; x_wconf 86' lang='lat' dir='ltr'>benevole</span> <span class='ocrx_word' id='word_1_35' title='bbox 1212 938 1522 991; x_wconf 74' lang='lat' dir='ltr'>transmisit.</span> <span class='ocrx_word' id='word_1_36' title='bbox 1613 937 1760 991; x_wconf 83' lang='lat' dir='ltr'>Inter</span> <span class='ocrx_word' id='word_1_37' title='bbox 1820 948 1927 992; x_wconf 74' lang='lat' dir='ltr'>tres</span> <span class='ocrx_word' id='word_1_38' title='bbox 1986 949 2039 992; x_wconf 84' lang='lat' dir='ltr'>et</span> 
     </span>
     <span class='ocr_line' id='line_1_8' title="bbox 365 1041 2041 1122; baseline -0.003 -21"><span class='ocrx_word' id='word_1_39' title='bbox 365 1056 595 1122; x_wconf 89' lang='lat' dir='ltr'>quatuor</span> <span class='ocrx_word' id='word_1_40' title='bbox 639 1045 811 1098; x_wconf 89' lang='lat' dir='ltr'>lineas</span> <span class='ocrx_word' id='word_1_41' title='bbox 859 1043 1112 1116; x_wconf 80' lang='lat' dir='ltr'>longum,</span> <span class='ocrx_word' id='word_1_42' title='bbox 1161 1041 1585 1106; x_wconf 85' lang='lat' dir='ltr'>crassissimum,</span> <span class='ocrx_word' id='word_1_43' title='bbox 1625 1041 1908 1115; x_wconf 81' lang='lat' dir='ltr'>utrinque,</span> <span class='ocrx_word' id='word_1_44' title='bbox 1947 1061 2041 1115; x_wconf 89' lang='lat' dir='ltr'>po-</span> 
     </span>
     <span class='ocr_line' id='line_1_9' title="bbox 368 1145 2041 1217; baseline -0.004 -12"><span class='ocrx_word' id='word_1_45' title='bbox 368 1150 503 1206; x_wconf 86' lang='lat' dir='ltr'>stice</span> <span class='ocrx_word' id='word_1_46' title='bbox 551 1166 680 1203; x_wconf 89' lang='lat' dir='ltr'>vero</span> <span class='ocrx_word' id='word_1_47' title='bbox 728 1146 928 1211; x_wconf 85' lang='lat' dir='ltr'>minus,</span> <span class='ocrx_word' id='word_1_48' title='bbox 978 1152 1338 1212; x_wconf 84' lang='lat' dir='ltr'>attenuatum,</span> <span class='ocrx_word' id='word_1_49' title='bbox 1387 1164 1486 1198; x_wconf 76' lang='lat' dir='ltr'>ore</span> <span class='ocrx_word' id='word_1_50' title='bbox 1531 1145 1729 1217; x_wconf 79' lang='lat' dir='ltr'>gaudet</span> <span class='ocrx_word' id='word_1_51' title='bbox 1778 1145 2041 1211; x_wconf 82' lang='lat' dir='ltr'>circulari,</span> 
     </span>
     <span class='ocr_line' id='line_1_10' title="bbox 366 1248 2041 1326; baseline -0.004 -17"><span class='ocrx_word' id='word_1_52' title='bbox 366 1252 608 1326; x_wconf 83' lang='lat' dir='ltr'>margine</span> <span class='ocrx_word' id='word_1_53' title='bbox 647 1249 857 1306; x_wconf 85' lang='lat' dir='ltr'>tumido</span> <span class='ocrx_word' id='word_1_54' title='bbox 896 1249 1093 1313; x_wconf 73' lang='lat' dir='ltr'>ciuem,</span> <span class='ocrx_word' id='word_1_55' title='bbox 1140 1248 1343 1314; x_wconf 78' lang='lat' dir='ltr'>hiante,</span> <span class='ocrx_word' id='word_1_56' title='bbox 1391 1248 1499 1302; x_wconf 87' lang='lat' dir='ltr'>fine</span> <span class='ocrx_word' id='word_1_57' title='bbox 1550 1248 1791 1321; x_wconf 85' lang='lat' dir='ltr'>corporis</span> <span class='ocrx_word' id='word_1_58' title='bbox 1829 1250 2041 1322; x_wconf 86' lang='lat' dir='ltr'>postico</span> 
     </span>
     <span class='ocr_line' id='line_1_11' title="bbox 368 1352 2042 1420; baseline -0.004 -8"><span class='ocrx_word' id='word_1_59' title='bbox 368 1358 590 1420; x_wconf 84' lang='lat' dir='ltr'>obtus0,</span> <span class='ocrx_word' id='word_1_60' title='bbox 638 1352 736 1408; x_wconf 86' lang='lat' dir='ltr'>sed</span> <span class='ocrx_word' id='word_1_61' title='bbox 780 1352 838 1405; x_wconf 89' lang='lat' dir='ltr'>in</span> <span class='ocrx_word' id='word_1_62' title='bbox 887 1353 1135 1406; x_wconf 77' lang='lat' dir='ltr'>caudam</span> <span class='ocrx_word' id='word_1_63' title='bbox 1182 1361 1434 1417; x_wconf 85' lang='lat' dir='ltr'>tenuem,</span> <span class='ocrx_word' id='word_1_64' title='bbox 1488 1352 1760 1418; x_wconf 87' lang='lat' dir='ltr'>conicam,</span> <span class='ocrx_word' id='word_1_65' title='bbox 1810 1362 2042 1417; x_wconf 84' lang='lat' dir='ltr'>acutam,</span> 
     </span>
     <span class='ocr_line' id='line_1_12' title="bbox 367 1454 2066 1527; baseline -0.003 -13"><span class='ocrx_word' id='word_1_66' title='bbox 367 1462 586 1514; x_wconf 88' lang='lat' dir='ltr'>brevem</span> <span class='ocrx_word' id='word_1_67' title='bbox 623 1463 953 1510; x_wconf 73' lang='lat' dir='ltr'><strong>transeunte.</strong></span> <span class='ocrx_word' id='word_1_68' title='bbox 1031 1454 1236 1509; x_wconf 84' lang='lat' dir='ltr'>Totum</span> <span class='ocrx_word' id='word_1_69' title='bbox 1275 1473 1471 1527; x_wconf 87' lang='lat' dir='ltr'>corpus</span> <span class='ocrx_word' id='word_1_70' title='bbox 1511 1455 1680 1519; x_wconf 87' lang='lat' dir='ltr'>laeve,</span> <span class='ocrx_word' id='word_1_71' title='bbox 1722 1455 1839 1509; x_wconf 87' lang='lat' dir='ltr'>sine</span> <span class='ocrx_word' id='word_1_72' title='bbox 1877 1474 2066 1526; x_wconf 43' lang='lat' dir='ltr'>mem-⁷</span> 
     </span>
     <span class='ocr_line' id='line_1_13' title="bbox 368 1557 2043 1631; baseline -0.003 -14"><span class='ocrx_word' id='word_1_73' title='bbox 368 1561 551 1617; x_wconf 87' lang='lat' dir='ltr'>branis</span> <span class='ocrx_word' id='word_1_74' title='bbox 589 1557 952 1627; x_wconf 78' lang='lat' dir='ltr'>exstantibu53</span> <span class='ocrx_word' id='word_1_75' title='bbox 1005 1558 1242 1612; x_wconf 84' lang='lat' dir='ltr'>anterior</span> <span class='ocrx_word' id='word_1_76' title='bbox 1280 1560 1395 1631; x_wconf 86' lang='lat' dir='ltr'>ejus</span> <span class='ocrx_word' id='word_1_77' title='bbox 1434 1577 1558 1631; x_wconf 84' lang='lat' dir='ltr'>pars</span> <span class='ocrx_word' id='word_1_78' title='bbox 1597 1557 1790 1624; x_wconf 79' lang='lat' dir='ltr'>albida,</span> <span class='ocrx_word' id='word_1_79' title='bbox 1832 1568 2043 1613; x_wconf 84' lang='lat' dir='ltr'>caetera</span> 
     </span>
     <span class='ocr_line' id='line_1_14' title="bbox 367 1661 2044 1738; baseline -0.003 -17"><span class='ocrx_word' id='word_1_80' title='bbox 367 1665 740 1738; x_wconf 82' lang='lat' dir='ltr'>maximopere</span> <span class='ocrx_word' id='word_1_81' title='bbox 778 1661 1065 1734; x_wconf 73' lang='lat' dir='ltr'>variegata,</span> <span class='ocrx_word' id='word_1_82' title='bbox 1105 1662 1432 1716; x_wconf 71' lang='lat' dir='ltr'>ovat-iorum</span> <span class='ocrx_word' id='word_1_83' title='bbox 1480 1671 1534 1715; x_wconf 92' lang='lat' dir='ltr'>et</span> <span class='ocrx_word' id='word_1_84' title='bbox 1581 1661 1730 1715; x_wconf 72' lang='lat' dir='ltr'>uteri</span> <span class='ocrx_word' id='word_1_85' title='bbox 1767 1662 2044 1736; x_wconf 85' lang='lat' dir='ltr'>amplioris</span> 
     </span>
     <span class='ocr_line' id='line_1_15' title="bbox 366 1764 2044 1844; baseline -0.004 -19"><span class='ocrx_word' id='word_1_86' title='bbox 366 1770 510 1844; x_wconf 83' lang='lat' dir='ltr'>gyris</span> <span class='ocrx_word' id='word_1_87' title='bbox 549 1786 674 1821; x_wconf 90' lang='lat' dir='ltr'>cum</span> <span class='ocrx_word' id='word_1_88' title='bbox 710 1764 1015 1830; x_wconf 75' lang='lat' dir='ltr'>ovisalbO,</span> <span class='ocrx_word' id='word_1_89' title='bbox 1064 1764 1328 1819; x_wconf 78' lang='lat' dir='ltr'>intestino</span> <span class='ocrx_word' id='word_1_90' title='bbox 1380 1765 1530 1819; x_wconf 77' lang='lat' dir='ltr'>fusco</span> <span class='ocrx_word' id='word_1_91' title='bbox 1546 1807 1559 1831; x_wconf 91' lang='lat'>,</span> <span class='ocrx_word' id='word_1_92' title='bbox 1609 1765 1666 1818; x_wconf 89' lang='lat' dir='ltr'>in</span> <span class='ocrx_word' id='word_1_93' title='bbox 1715 1765 1923 1840; x_wconf 85' lang='lat' dir='ltr'>aliquot</span> <span class='ocrx_word' id='word_1_94' title='bbox 1970 1766 2044 1819; x_wconf 91' lang='lat' dir='ltr'>lo-</span> 
     </span>
     <span class='ocr_line' id='line_1_16' title="bbox 366 1868 2045 1943; baseline -0.004 -14"><span class='ocrx_word' id='word_1_95' title='bbox 366 1875 447 1929; x_wconf 86' lang='lat' dir='ltr'>cis</span> <span class='ocrx_word' id='word_1_96' title='bbox 485 1869 783 1943; x_wconf 81' lang='lat' dir='ltr'>sanguineo</span> <span class='ocrx_word' id='word_1_97' title='bbox 822 1868 1007 1925; x_wconf 89' lang='lat' dir='ltr'>colore</span> <span class='ocrx_word' id='word_1_98' title='bbox 1045 1868 1515 1924; x_wconf 71' lang='lat' dir='ltr'>translucentibus.</span> <span class='ocrx_word' id='word_1_99' title='bbox 1590 1868 1748 1924; x_wconf 78' lang='lat' dir='ltr'>Anus</span> <span class='ocrx_word' id='word_1_100' title='bbox 1787 1877 1911 1923; x_wconf 83' lang='lat' dir='ltr'>ante</span> <span class='ocrx_word' id='word_1_101' title='bbox 1949 1868 2045 1923; x_wconf 88' lang='lat' dir='ltr'>ini-</span> 
     </span>
     <span class='ocr_line' id='line_1_17' title="bbox 370 1969 1462 2046; baseline -0.005 -15"><span class='ocrx_word' id='word_1_102' title='bbox 370 1977 519 2041; x_wconf 17' lang='lat' dir='ltr'>tium,</span> <span class='ocrx_word' id='word_1_103' title='bbox 548 1973 766 2028; x_wconf 87' lang='lat' dir='ltr'>caudae.</span> <span class='ocrx_word' id='word_1_104' title='bbox 852 1969 1051 2028; x_wconf 71' lang='lat' dir='ltr'>Wclva</span> <span class='ocrx_word' id='word_1_105' title='bbox 1093 1970 1462 2046; x_wconf 82' lang='lat' dir='ltr'>inconspicua.</span> 
     </span>
    </p>

    <p class='ocr_par' dir='ltr' id='par_1_4' title="bbox 373 2073 2046 2463">
     <span class='ocr_line' id='line_1_18' title="bbox 522 2073 2045 2147; baseline -0.001 -16"><span class='ocrx_word' id='word_1_106' title='bbox 522 2075 813 2142; x_wconf 81' lang='lat' dir='ltr'>Habitum,</span> <span class='ocrx_word' id='word_1_107' title='bbox 861 2073 1180 2129; x_wconf 85' lang='lat' dir='ltr'>brevitatem</span> <span class='ocrx_word' id='word_1_108' title='bbox 1218 2084 1274 2130; x_wconf 85' lang='lat' dir='ltr'>et</span> <span class='ocrx_word' id='word_1_109' title='bbox 1311 2076 1612 2130; x_wconf 84' lang='lat' dir='ltr'>crassitiem</span> <span class='ocrx_word' id='word_1_110' title='bbox 1661 2076 1930 2147; x_wconf 83' lang='lat' dir='ltr'>insignem</span> <span class='ocrx_word' id='word_1_111' title='bbox 1969 2096 2045 2129; x_wconf 87' lang='lat' dir='ltr'>re-</span> 
     </span>
     <span class='ocr_line' id='line_1_19' title="bbox 373 2176 2041 2258; baseline -0.004 -23"><span class='ocrx_word' id='word_1_112' title='bbox 373 2180 615 2258; x_wconf 86' lang='lat' dir='ltr'>putando</span> <span class='ocrx_word' id='word_1_113' title='bbox 676 2176 1130 2252; x_wconf 88' lang='lat' dir='ltr'>Physalopteram</span> <span class='ocrx_word' id='word_1_114' title='bbox 1190 2197 1310 2233; x_wconf 88' lang='lat' dir='ltr'>esse</span> <span class='ocrx_word' id='word_1_115' title='bbox 1372 2178 1582 2253; x_wconf 82' lang='lat' dir='ltr'>opinor.</span> <span class='ocrx_word' id='word_1_116' title='bbox 1677 2178 1885 2244; x_wconf 86' lang='lat' dir='ltr'>Locus,</span> <span class='ocrx_word' id='word_1_117' title='bbox 1950 2178 2041 2230; x_wconf 86' lang='lat' dir='ltr'>ubi</span> 
     </span>
     <span class='ocr_line' id='line_1_20' title="bbox 374 2280 2045 2355; baseline -0.004 -15"><span class='ocrx_word' id='word_1_118' title='bbox 374 2281 739 2355; x_wconf 82' lang='lat' dir='ltr'>Sclzilling</span> <span class='ocrx_word' id='word_1_119' title='bbox 777 2300 898 2336; x_wconf 90' lang='lat' dir='ltr'>eam</span> <span class='ocrx_word' id='word_1_120' title='bbox 947 2281 1164 2355; x_wconf 81' lang='lat' dir='ltr'>reperit,</span> <span class='ocrx_word' id='word_1_121' title='bbox 1212 2281 1477 2336; x_wconf 80' lang='lat' dir='ltr'>insolitus</span> <span class='ocrx_word' id='word_1_122' title='bbox 1514 2290 1609 2336; x_wconf 88' lang='lat' dir='ltr'>est.</span> <span class='ocrx_word' id='word_1_123' title='bbox 1687 2280 1880 2334; x_wconf 80' lang='lat' dir='ltr'>Utrum</span> <span class='ocrx_word' id='word_1_124' title='bbox 1928 2300 2045 2354; x_wconf 88' lang='lat' dir='ltr'>pro-</span> 
     </span>
     <span class='ocr_line' id='line_1_21' title="bbox 373 2383 2046 2463; baseline -0.003 -21"><span class='ocrx_word' id='word_1_125' title='bbox 373 2388 523 2463; x_wconf 87' lang='lat' dir='ltr'>prius</span> <span class='ocrx_word' id='word_1_126' title='bbox 560 2385 632 2441; x_wconf 86' lang='lat' dir='ltr'>sit</span> <span class='ocrx_word' id='word_1_127' title='bbox 668 2384 797 2438; x_wconf 89' lang='lat' dir='ltr'>huic</span> <span class='ocrx_word' id='word_1_128' title='bbox 833 2384 1023 2449; x_wconf 88' lang='lat' dir='ltr'>vermi,</span> <span class='ocrx_word' id='word_1_129' title='bbox 1074 2404 1142 2438; x_wconf 90' lang='lat' dir='ltr'>an</span> <span class='ocrx_word' id='word_1_130' title='bbox 1189 2383 1280 2438; x_wconf 90' lang='lat' dir='ltr'>hic</span> <span class='ocrx_word' id='word_1_131' title='bbox 1319 2403 1447 2439; x_wconf 88' lang='lat' dir='ltr'>casu</span> <span class='ocrx_word' id='word_1_132' title='bbox 1485 2393 1699 2438; x_wconf 85' lang='lat' dir='ltr'>tantum</span> <span class='ocrx_word' id='word_1_133' title='bbox 1736 2384 1869 2438; x_wconf 86' lang='lat' dir='ltr'>illuc</span> <span class='ocrx_word' id='word_1_134' title='bbox 1908 2384 2046 2439; x_wconf 88' lang='lat' dir='ltr'>dela-</span> 
     </span>
    </p>
   </div>
   <div class='ocr_carea' id='block_1_4' title="bbox 373 2487 1655 2564">
    <p class='ocr_par' dir='ltr' id='par_1_5' title="bbox 373 2487 1655 2564">
     <span class='ocr_line' id='line_1_22' title="bbox 373 2487 1655 2564; baseline -0.004 -18"><span class='ocrx_word' id='word_1_135' title='bbox 373 2501 461 2546; x_wconf 85' lang='lat' dir='ltr'>tus</span> <span class='ocrx_word' id='word_1_136' title='bbox 499 2489 586 2558; x_wconf 84' lang='lat' dir='ltr'>sit,</span> <span class='ocrx_word' id='word_1_137' title='bbox 625 2489 844 2564; x_wconf 81' lang='lat' dir='ltr'>tempus</span> <span class='ocrx_word' id='word_1_138' title='bbox 883 2487 1123 2543; x_wconf 80' lang='lat' dir='ltr'>futurum</span> <span class='ocrx_word' id='word_1_139' title='bbox 1160 2487 1387 2544; x_wconf 81' lang='lat' dir='ltr'>fortasse</span> <span class='ocrx_word' id='word_1_140' title='bbox 1426 2487 1655 2543; x_wconf 84' lang='lat' dir='ltr'>docebit.</span> 
     </span>
    </p>
   </div>
   <div class='ocr_carea' id='block_1_5' title="bbox 823 2660 1554 2741">
    <p class='ocr_par' dir='ltr' id='par_1_6' title="bbox 823 2660 1554 2741">
     <span class='ocr_line' id='line_1_23' title="bbox 823 2660 1554 2741; baseline -0.001 -21"><span class='ocrx_word' id='word_1_141' title='bbox 823 2660 825 2662; x_wconf 53' lang='grc'>’</span> <span class='ocrx_word' id='word_1_142' title='bbox 877 2664 1233 2740; x_wconf 76' lang='lat' dir='ltr'>Caprimulgi</span> <span class='ocrx_word' id='word_1_143' title='bbox 1270 2665 1554 2741; x_wconf 56' lang='lat' dir='ltr'>europaei.</span> 
     </span>
    </p>
   </div>
   <div class='ocr_carea' id='block_1_6' title="bbox 369 2795 2050 3384">
    <p class='ocr_par' dir='ltr' id='par_1_7' title="bbox 369 2795 2050 3266">
     <span class='ocr_line' id='line_1_24' title="bbox 521 2795 2048 2870; baseline -0.003 -16"><span class='ocrx_word' id='word_1_144' title='bbox 521 2798 943 2854; x_wconf 86' lang='lat' dir='ltr'>Nematoideum</span> <span class='ocrx_word' id='word_1_145' title='bbox 1002 2797 1279 2870; x_wconf 83' lang='lat' dir='ltr'>singulum</span> <span class='ocrx_word' id='word_1_146' title='bbox 1327 2797 1596 2870; x_wconf 81' lang='lat' dir='ltr'>singulare</span> <span class='ocrx_word' id='word_1_147' title='bbox 1643 2795 1843 2869; x_wconf 87' lang='lat' dir='ltr'>reperit</span> <span class='ocrx_word' id='word_1_148' title='bbox 1889 2796 2048 2870; x_wconf 88' lang='lat' dir='ltr'>hujus</span> 
     </span>
     <span class='ocr_line' id='line_1_25' title="bbox 377 2898 2049 2959; baseline -0.004 0"><span class='ocrx_word' id='word_1_149' title='bbox 377 2902 504 2959; x_wconf 89' lang='lat' dir='ltr'>anni</span> <span class='ocrx_word' id='word_1_150' title='bbox 542 2900 767 2955; x_wconf 87' lang='lat' dir='ltr'>Octobri</span> <span class='ocrx_word' id='word_1_151' title='bbox 804 2919 993 2954; x_wconf 90' lang='lat' dir='ltr'>mense</span> <span class='ocrx_word' id='word_1_152' title='bbox 1045 2920 1149 2954; x_wconf 90' lang='lat' dir='ltr'>am.</span> <span class='ocrx_word' id='word_1_153' title='bbox 1228 2899 1502 2955; x_wconf 64' lang='lat' dir='ltr'>Lauren*</span> <span class='ocrx_word' id='word_1_154' title='bbox 1547 2899 1601 2953; x_wconf 91' lang='lat' dir='ltr'>in</span> <span class='ocrx_word' id='word_1_155' title='bbox 1642 2898 1901 2953; x_wconf 87' lang='lat' dir='ltr'>intestino</span> <span class='ocrx_word' id='word_1_156' title='bbox 1943 2900 2049 2953; x_wconf 83' lang='lat' dir='ltr'>Ca-</span> 
     </span>
     <span class='ocr_line' id='line_1_26' title="bbox 369 3001 2050 3082; baseline -0.003 -22"><span class='ocrx_word' id='word_1_157' title='bbox 369 3003 643 3082; x_wconf 81' lang='lat' dir='ltr'>primulgi</span> <span class='ocrx_word' id='word_1_158' title='bbox 678 3003 977 3075; x_wconf 80' lang='lat' dir='ltr'>europaei,</span> <span class='ocrx_word' id='word_1_159' title='bbox 1015 3004 1190 3076; x_wconf 87' lang='lat' dir='ltr'>quod,</span> <span class='ocrx_word' id='word_1_160' title='bbox 1240 3004 1298 3056; x_wconf 90' lang='lat' dir='ltr'>in</span> <span class='ocrx_word' id='word_1_161' title='bbox 1335 3003 1525 3058; x_wconf 87' lang='lat' dir='ltr'>Museo</span> <span class='ocrx_word' id='word_1_162' title='bbox 1575 3001 1878 3056; x_wconf 85' lang='lat' dir='ltr'>zootomico</span> <span class='ocrx_word' id='word_1_163' title='bbox 1918 3001 2050 3074; x_wconf 89' lang='lat' dir='ltr'>Gry-</span> 
     </span>
     <span class='ocr_line' id='line_1_27' title="bbox 375 3103 2049 3185; baseline -0.003 -22"><span class='ocrx_word' id='word_1_164' title='bbox 375 3109 539 3185; x_wconf 85' lang='lat' dir='ltr'>phico</span> <span class='ocrx_word' id='word_1_165' title='bbox 578 3115 866 3170; x_wconf 86' lang='lat' dir='ltr'>servatum,</span> <span class='ocrx_word' id='word_1_166' title='bbox 908 3105 1254 3159; x_wconf 80' lang='lat' dir='ltr'>examinandi</span> <span class='ocrx_word' id='word_1_167' title='bbox 1284 3106 1496 3182; x_wconf 84' lang='lat' dir='ltr'>copiam</span> <span class='ocrx_word' id='word_1_168' title='bbox 1534 3105 1769 3180; x_wconf 83' lang='lat' dir='ltr'>benigne</span> <span class='ocrx_word' id='word_1_169' title='bbox 1805 3103 1941 3159; x_wconf 88' lang='lat' dir='ltr'>mihi</span> <span class='ocrx_word' id='word_1_170' title='bbox 1977 3103 2049 3158; x_wconf 87' lang='lat' dir='ltr'>fe-</span> 
     </span>
     <span class='ocr_line' id='line_1_28' title="bbox 377 3206 1013 3266; baseline -0.011 0"><span class='ocrx_word' id='word_1_171' title='bbox 377 3212 452 3266; x_wconf 82' lang='lat' dir='ltr'>cit</span> <span class='ocrx_word' id='word_1_172' title='bbox 488 3211 555 3266; x_wconf 90' lang='lat' dir='ltr'>cl.</span> <span class='ocrx_word' id='word_1_173' title='bbox 594 3206 1013 3265; x_wconf 76' lang='lat' dir='ltr'>Rosenthal.</span> 
     </span>
    </p>

    <p class='ocr_par' dir='ltr' id='par_1_8' title="bbox 520 3308 2045 3384">
     <span class='ocr_line' id='line_1_29' title="bbox 520 3308 2045 3384; baseline -0.003 -18"><span class='ocrx_word' id='word_1_174' title='bbox 520 3312 642 3382; x_wconf 81' lang='lat' dir='ltr'>Qua</span> <span class='ocrx_word' id='word_1_175' title='bbox 664 3309 886 3366; x_wconf 87' lang='lat' dir='ltr'>cochlea</span> <span class='ocrx_word' id='word_1_176' title='bbox 915 3317 1127 3383; x_wconf 87' lang='lat' dir='ltr'>septem</span> <span class='ocrx_word' id='word_1_177' title='bbox 1155 3310 1313 3384; x_wconf 88' lang='lat' dir='ltr'>spiris</span> <span class='ocrx_word' id='word_1_178' title='bbox 1336 3311 1475 3367; x_wconf 79' lang='lat' dir='ltr'>laxis</span> <span class='ocrx_word' id='word_1_179' title='bbox 1500 3310 1653 3377; x_wconf 87' lang='lat' dir='ltr'>torsi,</span> <span class='ocrx_word' id='word_1_180' title='bbox 1691 3308 1822 3364; x_wconf 82' lang='lat' dir='ltr'>satis</span> <span class='ocrx_word' id='word_1_181' title='bbox 1861 3308 2045 3373; x_wconf 86' lang='lat' dir='ltr'>crassi,</span> 
     </span>
    </p>
   </div>
  </div>
 </body>
</html>
