2111 3622
728 225 808 245 —
890 190 1129 283 61¹-

105 331 186 386 lor
220 331 314 386 ille
350 330 587 408 rubellus
636 331 702 384 ab
749 330 870 386 ovis
918 328 1364 384 translucentibus
1412 331 1530 405 ipso
1580 331 1752 385 imbu-

105 435 175 490 tis
225 434 465 488 efficitur.
540 433 687 488 Finis
731 433 890 507 hujus
931 442 1228 487 antrorsum
1267 432 1455 487 ductus
1493 437 1549 488 in
1586 435 1754 508 speci-

107 537 341 592 minibus
381 536 660 610 descriptis
690 547 976 610 antequam
1014 536 1080 590 ad
1105 554 1299 610 porum
1320 536 1615 590 ventralem
1642 558 1754 609 per-

107 650 352 706 venerat,
399 641 765 695 evanescebat.
840 639 1005 695 Aliud
1052 640 1212 693 etiam
1255 658 1363 692 vas
1408 638 1463 691 in
1503 638 1660 693 dorso
1698 640 1756 693 in

109 751 459 815 conspectum
508 743 680 809 venit,
727 741 870 796 haud
919 742 1135 796 interim
1185 741 1434 805 omnibus
1481 741 1537 794 in
1589 743 1758 814 speci-

109 844 360 900 minibus.
435 845 553 900 Hoc
600 855 682 900 est
726 844 923 900 subtile
983 854 1038 899 et
1084 845 1348 910 albidum,
1397 864 1521 898 arcu
1567 845 1759 918 incipit

40 956 43 962 ’
107 967 250 1022 pone
287 968 479 1022 porum
516 947 828 1014 ventralem‚
875 947 1123 1021 utrinque
1162 947 1392 1001 decurrit
1431 947 1493 1000 ad
1535 947 1759 1010 caudam

107 1071 292 1107 versus
331 1060 384 1105 et
422 1070 650 1124 superne
687 1051 746 1103 in
782 1059 1009 1123 utroque
1048 1050 1213 1104 latere
1242 1050 1438 1104 emittit
1474 1050 1758 1117 ramulum,

110 1163 163 1208 et
207 1163 395 1225 postea
445 1172 474 1205 e
524 1153 685 1206 ramis
736 1151 1183 1207 descendentibus
1234 1153 1300 1206 ad
1345 1153 1610 1225 margines
1650 1172 1759 1207 cor·

107 1255 252 1330 poris
292 1255 494 1328 aliquot
511 1254 762 1309 ramulos.
814 1254 1088 1309 Canalem
1109 1255 1527 1310 alimentarium
1549 1255 1760 1330 amplis-

107 1358 305 1413 simum
341 1376 448 1410 non
487 1357 544 1411 in
583 1357 829 1411 omnibus
877 1358 1019 1425 vidi3
1065 1359 1156 1412 ubi
1203 1369 1382 1412 autem
1431 1359 1486 1412 in
1538 1379 1758 1437 conspe-

113 1470 259 1515 ctum
283 1459 545 1526 veniebat,
587 1460 650 1513 ab
678 1460 832 1514 initio
861 1460 1058 1533 duplex
1097 1481 1214 1516 esse
1253 1462 1546 1528 videbatur,
1586 1471 1647 1516 ut
1684 1462 1760 1516 ni·

109 1564 306 1618 mirum
354 1571 580 1636 utroque
619 1562 675 1615 in
723 1563 888 1618 latere
938 1563 1107 1617 forma
1156 1584 1322 1618 cornu
1371 1566 1574 1619 curvati
1618 1585 1760 1638 pone

108 1686 303 1741 porum
353 1665 588 1720 anticum
634 1664 914 1739 inciperet,
966 1676 1019 1720 et
1066 1667 1139 1720 ita
1190 1666 1256 1720 ad
1293 1666 1433 1722 latus
1481 1669 1600 1741 pori
1639 1688 1762 1723 ven-

109 1769 259 1825 tralis
306 1778 586 1824 externum
636 1767 963 1836 decurreret,
1014 1789 1121 1843 quo
1158 1769 1281 1824 loco
1320 1780 1501 1824 autem
1537 1755 1764 1844 uterque

111 1891 327 1946 semper
360 1871 702 1926 indistinctus
739 1871 917 1926 fiebat.
993 1871 1112 1927 Nisi
1150 1873 1331 1926 illusio
1380 1873 1562 1947 optica
1604 1893 1764 1930 causa

113 1984 213 2044 est,
253 1994 358 2049 qua
405 1993 558 2028 arcus
604 1974 805 2029 canalis
851 1974 1034 2034 cibarii
1093 1975 1326 2042 anticus,
1388 1976 1518 2030 alias
1565 1976 1620 2029 in
1669 1975 1764 2030 Di-

111 2079 304 2133 stomis
341 2097 554 2150 semper
593 2077 919 2144 observatus,
958 2076 1045 2131 hic
1092 2078 1418 2152 interruptus
1469 2081 1761 2154 conspicia-

112 2190 214 2248 tur,
260 2179 316 2233 id
354 2179 499 2253 quod
543 2179 679 2234 mihi
716 2179 991 2254 probabile
1032 2190 1130 2248 est,
1181 2181 1467 2236 discrimen
1505 2202 1763 2236 memora-

110 2284 219 2338 bile
262 2283 556 2357 praeberet.
631 2283 913 2357 Singulare
958 2283 1175 2338 interim
1224 2294 1332 2350 est,
1382 2286 1489 2358 jam
1540 2285 1594 2338 in
1645 2286 1764 2340 aliis

30 2387 34 2393 ’
113 2385 496 2459 speciminibus
533 2384 771 2440 Distomi
805 2385 965 2459 hujus
1006 2386 1053 2439 d.
1093 2387 1180 2440 25.
1217 2386 1325 2439 Jul.
1367 2388 1522 2441 1822.
1573 2388 1630 2442 in
1668 2391 1764 2442 int.

113 2487 403 2560 Fringillae
442 2487 769 2542 domesticae
818 2488 1042 2561 repertis
1090 2468 1322 2543 eundem
1369 2490 1514 2544 illius
1563 2492 1764 2546 canalis

111 2590 354 2644 habitum
389 2589 523 2642 mihi
551 2589 763 2645 obviam
790 2590 1018 2657 venisse,
1047 2592 1344 2645 secundum
1379 2591 1450 2660 id,
1481 2595 1627 2667 quod
1649 2571 1764 2649 turn

113 2690 372 2767 temporis
409 2691 466 2745 in
503 2690 750 2746 Diarium
786 2694 984 2749 notavi.

254 2793 692 2868 Descriptionem
731 2796 852 2851 dedi
903 2798 969 2852 de
1002 2797 1293 2865 vermibus,
1335 2807 1623 2872 antequam
1658 2801 1762 2875 spi-

113 2895 241 2950 ritui
284 2897 396 2962 vini
445 2898 929 2955 committebantur.
1003 2900 1231 2970 Quietos
1278 2900 1336 2955 in
1386 2922 1521 2976 aqua
1568 2903 1762 2975 frigidi-

113 2998 301 3053 uscula
346 3001 582 3072 jacentes
629 3010 868 3058 mortuos
905 3003 1130 3069 credidi,
1171 3003 1267 3059 sed
1304 3003 1472 3059 affuso
1511 3005 1762 3059 frumenti

113 3100 304 3174 spiritu
341 3120 400 3156 se
438 3103 725 3159 curvabant
761 3113 817 3160 et
852 3105 1250 3161 contrahebant.

257 3201 319 3256 In
358 3202 623 3261 Distomis
673 3226 811 3261 anno
854 3208 1010 3263 1822.
1057 3209 1281 3283 repertis
1320 3207 1576 3281 conspexi
1615 3208 1760 3282 prae-

111 3314 192 3361 ter
240 3316 452 3361 uterum
505 3308 773 3364 rubellum
830 3311 886 3365 in
943 3311 1252 3385 posterioris
1310 3310 1548 3383 corporis
1595 3312 1759 3385 partis
