2111 3622
962 138 1408 199 -112-

351 301 521 350 mum,
578 279 788 337 articuli
834 280 1159 358 posteriores
1205 279 1444 334 maxime
1481 278 1738 352 elongati,
1775 291 1848 359 'et
1883 281 2016 338 fora·

351 386 500 442 mina
544 382 855 458 marginalia
899 404 1035 457 vage
1082 384 1308 445 alterna,
1366 382 1495 436 dum
1533 382 1712 437 ovaria
1748 403 2018 459 nusquam

349 489 610 556 eminent,
668 487 850 543 omnia
886 486 1022 542 haec
1060 494 1289 558 arguunt
1325 484 1690 541 diversitatem
1724 487 2018 544 maximam

348 592 567 648 alterius
616 590 682 645 ab
732 590 917 645 altera.
992 587 1378 657 (Conferantur
1424 588 1826 647 observationes
1872 609 2018 647 nunc

347 705 630 755 secuturae
670 693 736 748 de
773 693 839 746 T.
877 692 1172 766 globifera.)

490 797 713 853 'Vellem
759 796 921 851 etiam
968 795 1092 849 darc
1141 794 1514 850 definitionem
1559 796 1626 851 T.
1672 795 2016 871 margaritife-

346 923 462 971 rae,
521 920 648 957 cum
694 899 760 954 ab
808 899 885 954 ill.
933 897 1296 972 Radolplzi
1344 899 1433 968 (in
1480 898 1718 975 Synopsi
1764 920 1819 974 p.
1873 899 2016 972 146.)

347 1007 469 1061 data
506 1014 632 1080 post
666 1023 817 1060 meas
857 1002 1256 1058 observationes
1291 1003 1548 1057 mutanda
1587 1003 1674 1071 sit,
1719 1003 1819 1059 sed
1853 1002 2015 1078 hujus

344 1109 583 1165 Taeniae
630 1107 805 1183 capite
852 1107 936 1163 bis
983 1115 1194 1161 tantum
1241 1126 1271 1159 a
1318 1125 1408 1161 me
1444 1105 1580 1173 vi80‚
1635 1094 1739 1162 nec
1775 1084 2015 1163 articulis

343 1211 716 1268 terminalibus
764 1209 900 1265 mihi
948 1208 1157 1275 oblatiS,
1217 1209 1412 1276 sentio,
1470 1209 1518 1265 si
1557 1229 1677 1266 eam
1714 1210 2011 1279 definirem,

342 1315 674 1373 insufficiens
710 1333 799 1368 me
839 1332 976 1387 opus
1013 1321 1354 1386 peracturum
1392 1332 1529 1379 esse,
1568 1334 1673 1387 qua
1701 1332 1859 1369 causa
1885 1323 2014 1388 post

341 1420 498 1495 plura
558 1438 587 1472 a
641 1417 854 1472 fortuna
913 1433 1169 1470 concessa
1230 1415 1528 1489 specimina
1584 1435 1701 1470 rem
1747 1415 1885 1470 mihi
1933 1437 2009 1473 re-

343 1541 515 1589 serm,
573 1529 681 1586 aut,
738 1519 785 1576 si
833 1537 944 1574 non
982 1518 1423 1586 concederentur,
1479 1518 1601 1575 aliis
1638 1538 1728 1576 me
1763 1518 2028 1576 feliciori:

340 1626 442 1682 bus
482 1624 745 1699 relinquo.

631 1802 730 1858 De
777 1799 997 1857 Taenia
1029 1798 1326 1876 globifera
1362 1798 1717 1854 Batsclzii.

482 1934 688 1991 Taenia
736 1933 995 2007 globifera
1043 1933 1170 1988 licet
1219 1953 1248 1986 a
1297 1931 1593 1987 Bloclaio
1651 1943 1704 1988 et
1756 1932 2008 1989 Goezio
2079 1990 2082 1992 .

339 2043 452 2114 jam
489 2039 696 2094 detecta
735 2046 791 2093 et
817 2037 1099 2110 descripta,
1139 2046 1437 2111 posteaque
1466 2037 1761 2110 specimina
1790 2058 1820 2091 a
1849 2036 1946 2092 Ga
1958 2056 2007 2092 e·

339 2143 484 2206 diO,
519 2139 925 2197 Froeliclzio
965 2139 1408 2194 etB1·enzse1-o
1446 2149 1659 2213 reperta
1685 2141 1751 2193 ab
1777 2140 1853 2194 ill.
1882 2140 2007 2195 Bu-

335 2245 627 2320 dolphio
667 2244 976 2300 examinata
1011 2242 1138 2309 sint,
1187 2251 1370 2296 tamen
1407 2242 1617 2316 species
1657 2242 1833 2298 dubiis
1871 2262 2006 2299 sem-

340 2370 437 2426 per
473 2368 585 2403 non
623 2348 812 2416 caruit,
870 2346 1033 2424 quod,
1094 2366 1218 2400 cum
1255 2346 1468 2401 occasio
1505 2345 1801 2401 multorum
1838 2346 2006 2421 speci·

337 2454 551 2508 minum
591 2473 660 2508 ex
696 2451 857 2507 variis
894 2449 1219 2504 Falconibus
1254 2449 1519 2504 lectorum
1554 2449 1911 2505 videndorum
1946 2469 2007 2505 se

336 2555 476 2614 mihi
513 2556 743 2623 offerret,
782 2555 851 2609 ad
887 2555 1057 2610 solers
1095 2553 1288 2607 horum
1326 2572 1556 2607 examen
1593 2572 1681 2608 me
1713 2551 2005 2625 instigavit.

336 2659 537 2715 Eudo
550 2659 618 2734 lp
631 2658 703 2712 hi
749 2659 896 2726 dicit,
956 2657 1096 2712 hanc
1133 2657 1374 2732 speciem
1407 2674 1751 2731 summopere
1787 2654 2005 2710 variare.

341 2760 561 2816 Goeze
604 2770 659 2815 et
704 2760 929 2842 BZoch
974 2780 1191 2815 mancas
1239 2759 1460 2834 quidem
1506 2768 1562 2814 et
1603 2756 2004 2832 quodammodo

337 2863 502 2920 falsas
550 2862 939 2936 descriptiones
988 2862 1276 2931 dederunt3
1313 2862 1416 2916 hae
1453 2861 1672 2916 interim
1710 2879 1834 2914 cum
1869 2858 2001 2915 veri-

337 2976 449 3023 tate
498 2973 554 3022 et
601 2965 1064 3020 observationibus
1111 2966 1248 3020 meis
1294 2974 1505 3020 tantum
1541 2965 1888 3030 conveniunt,
1940 2971 2005 3017 ut

335 3070 543 3125 Taenia
589 3067 853 3142 globifera
898 3067 956 3121 in
992 3067 1062 3122 iis
1099 3068 1317 3140 agnosci
1355 3069 1561 3124 debeat.
1635 3067 1814 3138 Quam
1851 3066 2001 3120 abso·

337 3193 473 3228 num
514 3172 699 3228 forsan
743 3170 863 3228 esse
909 3170 1153 3225 videatur
1205 3170 1696 3247 contemplantibus
1733 3180 1789 3226 et
1825 3167 2000 3224 confe-

330 3276 572 3331 rentibus
617 3275 838 3330 illorum
875 3282 1154 3328 auctorum
1190 3273 1394 3342 icones,
1451 3283 1635 3330 tamen
1672 3291 1859 3331 verum
1895 3278 1996 3338 est,
