<?xml version="1.0" encoding="UTF-8"?>
<!DOCTYPE html PUBLIC "-//W3C//DTD XHTML 1.0 Transitional//EN"
    "http://www.w3.org/TR/xhtml1/DTD/xhtml1-transitional.dtd">
<html xmlns="http://www.w3.org/1999/xhtml" xml:lang="en" lang="en">
 <head>
  <title>
</title>
<meta http-equiv="Content-Type" content="text/html;charset=utf-8" />
  <meta name='ocr-system' content='tesseract 3.04.00' />
  <meta name='ocr-capabilities' content='ocr_page ocr_carea ocr_par ocr_line ocrx_word'/>
</head>
<body>
  <div class='ocr_page' id='page_1' title='image "./novaeobservation00crep_0143.png"; bbox 0 0 2111 3622; ppageno 0'>
   <div class='ocr_carea' id='block_1_1' title="bbox 654 225 1102 286">
    <p class='ocr_par' dir='ltr' id='par_1_1' title="bbox 654 225 1102 286">
     <span class='ocr_line' id='line_1_1' title="bbox 654 225 1102 286; baseline 0 0"><span class='ocrx_word' id='word_1_1' title='bbox 654 225 1102 286; x_wconf 81' lang='lat'>-129--</span> 
     </span>
    </p>
   </div>
   <div class='ocr_carea' id='block_1_2' title="bbox 44 360 1711 1059">
    <p class='ocr_par' dir='ltr' id='par_1_2' title="bbox 44 360 1711 1059">
     <span class='ocr_line' id='line_1_2' title="bbox 45 360 1709 449; baseline -0.002 -22"><span class='ocrx_word' id='word_1_2' title='bbox 45 388 146 449; x_wconf 82' lang='lat' dir='ltr'><strong>pro</strong></span> <span class='ocrx_word' id='word_1_3' title='bbox 182 367 331 426; x_wconf 90' lang='lat' dir='ltr'><strong>illius</strong></span> <span class='ocrx_word' id='word_1_4' title='bbox 370 367 562 442; x_wconf 79' lang='lat' dir='ltr'><strong>exigua</strong></span> <span class='ocrx_word' id='word_1_5' title='bbox 598 363 969 439; x_wconf 80' lang='lat' dir='ltr'><strong>magnitudine</strong></span> <span class='ocrx_word' id='word_1_6' title='bbox 1006 360 1137 420; x_wconf 88' lang='lat' dir='ltr'><strong>satis</strong></span> <span class='ocrx_word' id='word_1_7' title='bbox 1173 382 1457 440; x_wconf 83' lang='lat' dir='ltr'><strong>magnum,</strong></span> <span class='ocrx_word' id='word_1_8' title='bbox 1502 372 1709 428; x_wconf 53' lang='lat' dir='ltr'><strong>osculis·</strong></span> 
     </span>
     <span class='ocr_line' id='line_1_3' title="bbox 44 466 1706 545; baseline 0 -15"><span class='ocrx_word' id='word_1_9' title='bbox 44 473 211 530; x_wconf 87' lang='lat' dir='ltr'><strong>etiam</strong></span> <span class='ocrx_word' id='word_1_10' title='bbox 274 469 484 545; x_wconf 82' lang='lat' dir='ltr'><strong>magnis</strong></span> <span class='ocrx_word' id='word_1_11' title='bbox 522 468 895 535; x_wconf 82' lang='lat' dir='ltr'><strong>instructum,</strong></span> <span class='ocrx_word' id='word_1_12' title='bbox 962 466 1412 538; x_wconf 77' lang='lat' dir='ltr'><strong>subcordisorme‚</strong></span> <span class='ocrx_word' id='word_1_13' title='bbox 1474 473 1706 530; x_wconf 73' lang='lat' dir='ltr'><strong>rastello</strong></span> 
     </span>
     <span class='ocr_line' id='line_1_4' title="bbox 44 568 1708 650; baseline -0.004 -20"><span class='ocrx_word' id='word_1_14' title='bbox 44 592 268 649; x_wconf 82' lang='lat' dir='ltr'><strong>magno,</strong></span> <span class='ocrx_word' id='word_1_15' title='bbox 318 572 426 628; x_wconf 89' lang='lat' dir='ltr'><strong>nisi</strong></span> <span class='ocrx_word' id='word_1_16' title='bbox 464 570 640 645; x_wconf 80' lang='lat' dir='ltr'><strong>capite</strong></span> <span class='ocrx_word' id='word_1_17' title='bbox 679 568 846 644; x_wconf 90' lang='lat' dir='ltr'><strong>duplo</strong></span> <span class='ocrx_word' id='word_1_18' title='bbox 886 569 1157 644; x_wconf 81' lang='lat' dir='ltr'>longiore,</span> <span class='ocrx_word' id='word_1_19' title='bbox 1196 579 1391 626; x_wconf 29' lang='lat' dir='ltr'><strong>tamen*</strong></span> <span class='ocrx_word' id='word_1_20' title='bbox 1414 571 1471 625; x_wconf 91' lang='lat' dir='ltr'><strong>id</strong></span> <span class='ocrx_word' id='word_1_21' title='bbox 1507 577 1708 650; x_wconf 81' lang='lat' dir='ltr'><strong>magni-</strong></span> 
     </span>
     <span class='ocr_line' id='line_1_5' title="bbox 44 671 1708 750; baseline 0.001 -19"><span class='ocrx_word' id='word_1_22' title='bbox 44 677 232 732; x_wconf 84' lang='lat' dir='ltr'><strong>tudine</strong></span> <span class='ocrx_word' id='word_1_23' title='bbox 269 681 576 750; x_wconf 79' lang='lat' dir='ltr'><strong>superante,</strong></span> <span class='ocrx_word' id='word_1_24' title='bbox 614 672 725 728; x_wconf 88' lang='lat' dir='ltr'><strong>fere</strong></span> <span class='ocrx_word' id='word_1_25' title='bbox 764 671 1087 745; x_wconf 80' lang='lat' dir='ltr'><strong>cylindrico‚</strong></span> <span class='ocrx_word' id='word_1_26' title='bbox 1127 671 1279 747; x_wconf 81' lang='lat' dir='ltr'><strong>apice</strong></span> <span class='ocrx_word' id='word_1_27' title='bbox 1317 682 1498 730; x_wconf 84' lang='lat' dir='ltr'><strong>autem</strong></span> <span class='ocrx_word' id='word_1_28' title='bbox 1534 680 1708 734; x_wconf 88' lang='lat' dir='ltr'><strong>multo</strong></span> 
     </span>
     <span class='ocr_line' id='line_1_6' title="bbox 46 774 1708 849; baseline 0.001 -15"><span class='ocrx_word' id='word_1_29' title='bbox 46 777 335 843; x_wconf 79' lang='lat' dir='ltr'><strong>crassiore,</strong></span> <span class='ocrx_word' id='word_1_30' title='bbox 397 776 650 849; x_wconf 81' lang='lat' dir='ltr'><strong>globoso,</strong></span> <span class='ocrx_word' id='word_1_31' title='bbox 708 775 824 831; x_wconf 89' lang='lat' dir='ltr'><strong>basi</strong></span> <span class='ocrx_word' id='word_1_32' title='bbox 868 774 1091 848; x_wconf 78' lang='lat' dir='ltr'><strong>vaginae</strong></span> <span class='ocrx_word' id='word_1_33' title='bbox 1147 777 1328 849; x_wconf 87' lang='lat' dir='ltr'><strong>specie</strong></span> <span class='ocrx_word' id='word_1_34' title='bbox 1379 778 1708 837; x_wconf 89' lang='lat' dir='ltr'><strong>circumdato</strong></span> 
     </span>
     <span class='ocr_line' id='line_1_7' title="bbox 45 874 1708 954; baseline 0 -16"><span class='ocrx_word' id='word_1_35' title='bbox 45 882 181 949; x_wconf 89' lang='lat' dir='ltr'><strong>vis0‚</strong></span> <span class='ocrx_word' id='word_1_36' title='bbox 221 879 319 936; x_wconf 87' lang='lat' dir='ltr'><strong>sed</strong></span> <span class='ocrx_word' id='word_1_37' title='bbox 355 874 682 935; x_wconf 83' lang='lat' dir='ltr'><strong>indistincte.</strong></span> <span class='ocrx_word' id='word_1_38' title='bbox 745 877 962 933; x_wconf 78' lang='lat' dir='ltr'><strong>Collum</strong></span> <span class='ocrx_word' id='word_1_39' title='bbox 999 878 1173 951; x_wconf 85' lang='lat' dir='ltr'><strong>capite</strong></span> <span class='ocrx_word' id='word_1_40' title='bbox 1211 879 1374 952; x_wconf 88' lang='lat' dir='ltr'><strong>paulo</strong></span> <span class='ocrx_word' id='word_1_41' title='bbox 1413 883 1708 954; x_wconf 85' lang='lat' dir='ltr'><strong>angustius,</strong></span> 
     </span>
     <span class='ocr_line' id='line_1_8' title="bbox 48 972 1711 1059; baseline 0.001 -19"><span class='ocrx_word' id='word_1_42' title='bbox 48 984 151 1041; x_wconf 80' lang='lat' dir='ltr'><strong>sed</strong></span> <span class='ocrx_word' id='word_1_43' title='bbox 186 982 357 1038; x_wconf 84' lang='lat' dir='ltr'><strong>latum</strong></span> <span class='ocrx_word' id='word_1_44' title='bbox 396 991 452 1037; x_wconf 90' lang='lat' dir='ltr'><strong>et</strong></span> <span class='ocrx_word' id='word_1_45' title='bbox 489 982 663 1056; x_wconf 86' lang='lat' dir='ltr'><strong>capite</strong></span> <span class='ocrx_word' id='word_1_46' title='bbox 700 972 932 1036; x_wconf 85' lang='lat' dir='ltr'><strong>brevius.</strong></span> <span class='ocrx_word' id='word_1_47' title='bbox 998 979 1246 1036; x_wconf 77' lang='lat' dir='ltr'><strong>Articuli</strong></span> <span class='ocrx_word' id='word_1_48' title='bbox 1297 981 1456 1055; x_wconf 87' lang='lat' dir='ltr'><strong>primi</strong></span> <span class='ocrx_word' id='word_1_49' title='bbox 1504 986 1711 1059; x_wconf 89' lang='lat' dir='ltr'><strong>paucis-</strong></span> 
     </span>
    </p>
   </div>
   <div class='ocr_carea' id='block_1_3' title="bbox 33 1083 1802 1157">
    <p class='ocr_par' dir='ltr' id='par_1_3' title="bbox 33 1083 1802 1157">
     <span class='ocr_line' id='line_1_9' title="bbox 33 1083 1802 1157; baseline 0.001 -16"><span class='ocrx_word' id='word_1_50' title='bbox 33 1083 177 1142; x_wconf 81' lang='lat' dir='ltr'><strong>&#39;simi</strong></span> <span class='ocrx_word' id='word_1_51' title='bbox 223 1083 556 1151; x_wconf 82' lang='lat' dir='ltr'><strong>brevissimi,</strong></span> <span class='ocrx_word' id='word_1_52' title='bbox 606 1093 722 1137; x_wconf 84' lang='lat' dir='ltr'><strong>tum</strong></span> <span class='ocrx_word' id='word_1_53' title='bbox 766 1083 1037 1157; x_wconf 79' lang='lat' dir='ltr'><strong>longiores</strong></span> <span class='ocrx_word' id='word_1_54' title='bbox 1088 1083 1430 1152; x_wconf 83' lang='lat' dir='ltr'><strong>subcuneati,</strong></span> <span class='ocrx_word' id='word_1_55' title='bbox 1493 1095 1573 1153; x_wconf 85' lang='lat' dir='ltr'><strong>et,</strong></span> <span class='ocrx_word' id='word_1_56' title='bbox 1631 1090 1712 1145; x_wconf 77' lang='lat' dir='ltr'><strong>uti</strong></span> <span class='ocrx_word' id='word_1_57' title='bbox 1781 1110 1802 1143; x_wconf 69' lang='grc' dir='ltr'><strong><em>ῃ</em></strong></span> 
     </span>
    </p>
   </div>
   <div class='ocr_carea' id='block_1_4' title="bbox 32 1184 1719 3500">
    <p class='ocr_par' dir='ltr' id='par_1_4' title="bbox 49 1184 1716 1670">
     <span class='ocr_line' id='line_1_10' title="bbox 49 1184 1714 1264; baseline 0.002 -22"><span class='ocrx_word' id='word_1_58' title='bbox 49 1187 228 1264; x_wconf 85' lang='lat' dir='ltr'><strong>primi,</strong></span> <span class='ocrx_word' id='word_1_59' title='bbox 268 1186 462 1253; x_wconf 84' lang='lat' dir='ltr'><strong>obtusi,</strong></span> <span class='ocrx_word' id='word_1_60' title='bbox 500 1185 831 1258; x_wconf 85' lang='lat' dir='ltr'><strong>irregulares.</strong></span> <span class='ocrx_word' id='word_1_61' title='bbox 869 1185 920 1240; x_wconf 91' lang='lat' dir='ltr'>A</span> <span class='ocrx_word' id='word_1_62' title='bbox 958 1184 1098 1239; x_wconf 89' lang='lat' dir='ltr'><strong>collo</strong></span> <span class='ocrx_word' id='word_1_63' title='bbox 1126 1185 1302 1260; x_wconf 90' lang='lat' dir='ltr'><strong>primo</strong></span> <span class='ocrx_word' id='word_1_64' title='bbox 1334 1186 1714 1246; x_wconf 74' lang='lat' dir='ltr'><strong>decrescebant</strong></span> 
     </span>
     <span class='ocr_line' id='line_1_11' title="bbox 49 1287 1713 1361; baseline 0.002 -16"><span class='ocrx_word' id='word_1_65' title='bbox 49 1289 360 1356; x_wconf 87' lang='lat' dir='ltr'><strong>latitudine,</strong></span> <span class='ocrx_word' id='word_1_66' title='bbox 398 1297 516 1343; x_wconf 77' lang='lat' dir='ltr'><strong>tum</strong></span> <span class='ocrx_word' id='word_1_67' title='bbox 551 1287 750 1342; x_wconf 90' lang='lat' dir='ltr'><strong>iterum</strong></span> <span class='ocrx_word' id='word_1_68' title='bbox 786 1287 990 1343; x_wconf 87' lang='lat' dir='ltr'><strong>sensim</strong></span> <span class='ocrx_word' id='word_1_69' title='bbox 1025 1306 1198 1361; x_wconf 89' lang='lat' dir='ltr'><strong>usque</strong></span> <span class='ocrx_word' id='word_1_70' title='bbox 1237 1288 1305 1342; x_wconf 84' lang='lat' dir='ltr'><strong>ad</strong></span> <span class='ocrx_word' id='word_1_71' title='bbox 1342 1290 1597 1345; x_wconf 83' lang='lat' dir='ltr'><strong>ultimum</strong></span> <span class='ocrx_word' id='word_1_72' title='bbox 1632 1314 1713 1348; x_wconf 56' lang='lat' dir='ltr'><strong>roa</strong></span> 
     </span>
     <span class='ocr_line' id='line_1_12' title="bbox 49 1389 1714 1465; baseline 0.002 -18"><span class='ocrx_word' id='word_1_73' title='bbox 49 1391 350 1459; x_wconf 85' lang='lat' dir='ltr'><strong>tundatum‚</strong></span> <span class='ocrx_word' id='word_1_74' title='bbox 390 1390 705 1458; x_wconf 82' lang='lat' dir='ltr'><strong>maximum,</strong></span> <span class='ocrx_word' id='word_1_75' title='bbox 746 1409 961 1465; x_wconf 87' lang='lat' dir='ltr'><strong>semper</strong></span> <span class='ocrx_word' id='word_1_76' title='bbox 995 1389 1213 1446; x_wconf 85' lang='lat' dir='ltr'><strong>latiores</strong></span> <span class='ocrx_word' id='word_1_77' title='bbox 1253 1390 1468 1446; x_wconf 87' lang='lat' dir='ltr'><strong>fiebant.</strong></span> <span class='ocrx_word' id='word_1_78' title='bbox 1546 1392 1714 1450; x_wconf 81' lang='lat' dir='ltr'><strong>Erant</strong></span> 
     </span>
     <span class='ocr_line' id='line_1_13' title="bbox 50 1490 1716 1568; baseline 0.002 -18"><span class='ocrx_word' id='word_1_79' title='bbox 50 1490 400 1550; x_wconf 83' lang='lat' dir='ltr'><strong>articulorum</strong></span> <span class='ocrx_word' id='word_1_80' title='bbox 447 1494 690 1547; x_wconf 89' lang='lat' dir='ltr'><strong>omnium</strong></span> <span class='ocrx_word' id='word_1_81' title='bbox 742 1510 870 1548; x_wconf 89' lang='lat' dir='ltr'><strong>vero</strong></span> <span class='ocrx_word' id='word_1_82' title='bbox 915 1509 1132 1567; x_wconf 87' lang='lat' dir='ltr'><strong>semper</strong></span> <span class='ocrx_word' id='word_1_83' title='bbox 1185 1493 1370 1568; x_wconf 84' lang='lat' dir='ltr'><strong>pauci3</strong></span> <span class='ocrx_word' id='word_1_84' title='bbox 1435 1496 1716 1554; x_wconf 82' lang='lat' dir='ltr'><strong>numeravi</strong></span> 
     </span>
     <span class='ocr_line' id='line_1_14' title="bbox 60 1595 750 1670; baseline -0.006 -17"><span class='ocrx_word' id='word_1_85' title='bbox 60 1607 185 1652; x_wconf 87' lang='lat' dir='ltr'><strong>octo</strong></span> <span class='ocrx_word' id='word_1_86' title='bbox 224 1596 291 1650; x_wconf 88' lang='lat' dir='ltr'><strong>ad</strong></span> <span class='ocrx_word' id='word_1_87' title='bbox 328 1595 750 1670; x_wconf 77' lang='lat' dir='ltr'><strong>quatuordecim.</strong></span> 
     </span>
    </p>

    <p class='ocr_par' dir='ltr' id='par_1_5' title="bbox 32 1694 1719 3500">
     <span class='ocr_line' id='line_1_15' title="bbox 200 1694 1717 1777; baseline 0.004 -24"><span class='ocrx_word' id='word_1_88' title='bbox 200 1698 460 1773; x_wconf 88' lang='lat' dir='ltr'><strong>Ejusdem</strong></span> <span class='ocrx_word' id='word_1_89' title='bbox 498 1698 735 1752; x_wconf 83' lang='lat' dir='ltr'><strong>&#39;Paeniae</strong></span> <span class='ocrx_word' id='word_1_90' title='bbox 773 1696 890 1772; x_wconf 90' lang='lat' dir='ltr'><strong>ipse</strong></span> <span class='ocrx_word' id='word_1_91' title='bbox 926 1694 1277 1771; x_wconf 88' lang='lat' dir='ltr'><strong>postmodum</strong></span> <span class='ocrx_word' id='word_1_92' title='bbox 1326 1697 1375 1753; x_wconf 84' lang='lat' dir='ltr'><strong>d.</strong></span> <span class='ocrx_word' id='word_1_93' title='bbox 1419 1701 1464 1755; x_wconf 91' lang='lat'><strong>1.</strong></span> <span class='ocrx_word' id='word_1_94' title='bbox 1503 1701 1717 1777; x_wconf 78' lang='lat' dir='ltr'><strong>Septbr.</strong></span> 
     </span>
     <span class='ocr_line' id='line_1_16' title="bbox 57 1796 1716 1881; baseline 0.002 -24"><span class='ocrx_word' id='word_1_95' title='bbox 57 1801 212 1857; x_wconf 75' lang='lat'>1827.</span> <span class='ocrx_word' id='word_1_96' title='bbox 239 1800 296 1854; x_wconf 91' lang='lat' dir='ltr'><strong>in</strong></span> <span class='ocrx_word' id='word_1_97' title='bbox 323 1799 591 1856; x_wconf 82' lang='lat' dir='ltr'><strong>intestinis</strong></span> <span class='ocrx_word' id='word_1_98' title='bbox 623 1796 937 1855; x_wconf 75' lang='lat' dir='ltr'><strong>charadrii</strong></span> <span class='ocrx_word' id='word_1_99' title='bbox 975 1799 1269 1873; x_wconf 38' lang='lat' dir='ltr'><strong>pluvialis*</strong></span> <span class='ocrx_word' id='word_1_100' title='bbox 1292 1802 1569 1877; x_wconf 88' lang='lat' dir='ltr'><strong>complura</strong></span> <span class='ocrx_word' id='word_1_101' title='bbox 1598 1824 1716 1881; x_wconf 85' lang='lat' dir='ltr'><strong>spe·-</strong></span> 
     </span>
     <span class='ocr_line' id='line_1_17' title="bbox 54 1900 1718 1978; baseline 0.004 -20"><span class='ocrx_word' id='word_1_102' title='bbox 54 1900 252 1959; x_wconf 82' lang='lat' dir='ltr'><strong>cimina</strong></span> <span class='ocrx_word' id='word_1_103' title='bbox 289 1902 484 1978; x_wconf 86' lang='lat' dir='ltr'><strong>reperi,</strong></span> <span class='ocrx_word' id='word_1_104' title='bbox 528 1923 666 1977; x_wconf 90' lang='lat' dir='ltr'><strong>quae</strong></span> <span class='ocrx_word' id='word_1_105' title='bbox 685 1903 919 1962; x_wconf 83' lang='lat' dir='ltr'><strong>recentia</strong></span> <span class='ocrx_word' id='word_1_106' title='bbox 948 1903 1265 1960; x_wconf 84' lang='lat' dir='ltr'><strong>examinavi.</strong></span> <span class='ocrx_word' id='word_1_107' title='bbox 1316 1904 1486 1961; x_wconf 81' lang='lat' dir='ltr'><strong>Color·</strong></span> <span class='ocrx_word' id='word_1_108' title='bbox 1521 1906 1718 1965; x_wconf 81' lang='lat' dir='ltr'><strong>horum</strong></span> 
     </span>
     <span class='ocr_line' id='line_1_18' title="bbox 54 2003 1717 2079; baseline 0.004 -18"><span class='ocrx_word' id='word_1_109' title='bbox 54 2006 332 2062; x_wconf 86' lang='lat' dir='ltr'><strong>candidus.</strong></span> <span class='ocrx_word' id='word_1_110' title='bbox 406 2003 743 2079; x_wconf 77' lang='lat' dir='ltr'><strong>Longitudo&#39;</strong></span> <span class='ocrx_word' id='word_1_111' title='bbox 781 2005 1046 2079; x_wconf 89' lang='lat' dir='ltr'><strong>majorum</strong></span> <span class='ocrx_word' id='word_1_112' title='bbox 1093 2004 1225 2062; x_wconf 87' lang='lat' dir='ltr'><strong>duas</strong></span> <span class='ocrx_word' id='word_1_113' title='bbox 1276 2005 1446 2063; x_wconf 88' lang='lat' dir='ltr'><strong>lineas</strong></span> <span class='ocrx_word' id='word_1_114' title='bbox 1494 2018 1552 2065; x_wconf 85' lang='lat' dir='ltr'><strong>et</strong></span> <span class='ocrx_word' id='word_1_115' title='bbox 1608 2021 1717 2069; x_wconf 80' lang='lat' dir='ltr'><strong>tres</strong></span> 
     </span>
     <span class='ocr_line' id='line_1_19' title="bbox 54 2107 1719 2187; baseline -0.001 -24"><span class='ocrx_word' id='word_1_116' title='bbox 54 2108 235 2164; x_wconf 89' lang='lat' dir='ltr'><strong>lineae</strong></span> <span class='ocrx_word' id='word_1_117' title='bbox 262 2115 474 2163; x_wconf 80' lang='lat' dir='ltr'><strong>octavas</strong></span> <span class='ocrx_word' id='word_1_118' title='bbox 501 2116 679 2182; x_wconf 87' lang='lat' dir='ltr'><strong>partes</strong></span> <span class='ocrx_word' id='word_1_119' title='bbox 717 2125 829 2162; x_wconf 91' lang='lat' dir='ltr'><strong>non</strong></span> <span class='ocrx_word' id='word_1_120' title='bbox 869 2107 1172 2182; x_wconf 84' lang='lat' dir='ltr'><strong>superabat.</strong></span> <span class='ocrx_word' id='word_1_121' title='bbox 1212 2110 1403 2181; x_wconf 81' lang='lat' dir='ltr'><strong>Caput</strong></span> <span class='ocrx_word' id='word_1_122' title='bbox 1437 2111 1529 2167; x_wconf 83' lang='lat' dir='ltr'><strong>vix</strong></span> <span class='ocrx_word' id='word_1_123' title='bbox 1565 2130 1719 2187; x_wconf 76' lang='lat' dir='ltr'><strong>quar.</strong></span> 
     </span>
     <span class='ocr_line' id='line_1_20' title="bbox 53 2209 1718 2290; baseline 0.005 -25"><span class='ocrx_word' id='word_1_124' title='bbox 53 2220 183 2277; x_wconf 78' lang='lat' dir='ltr'><strong>tam,</strong></span> <span class='ocrx_word' id='word_1_125' title='bbox 220 2209 448 2265; x_wconf 82' lang='lat' dir='ltr'><strong>ultimus</strong></span> <span class='ocrx_word' id='word_1_126' title='bbox 487 2210 742 2266; x_wconf 85' lang='lat' dir='ltr'><strong>articulus</strong></span> <span class='ocrx_word' id='word_1_127' title='bbox 771 2211 980 2266; x_wconf 65' lang='lat' dir='ltr'><strong>circiter</strong></span> <span class='ocrx_word' id='word_1_128' title='bbox 1006 2209 1280 2266; x_wconf 85' lang='lat' dir='ltr'><strong>dimidiam</strong></span> <span class='ocrx_word' id='word_1_129' title='bbox 1307 2211 1484 2270; x_wconf 87' lang='lat' dir='ltr'><strong>lineae</strong></span> <span class='ocrx_word' id='word_1_130' title='bbox 1506 2225 1718 2290; x_wconf 87' lang='lat' dir='ltr'><strong>partem</strong></span> 
     </span>
     <span class='ocr_line' id='line_1_21' title="bbox 55 2307 1717 2388; baseline 0.005 -21"><span class='ocrx_word' id='word_1_131' title='bbox 55 2311 180 2367; x_wconf 87' lang='lat' dir='ltr'><strong>lata.</strong></span> <span class='ocrx_word' id='word_1_132' title='bbox 254 2307 397 2366; x_wconf 93' lang='lat' dir='ltr'><strong>Illud</strong></span> <span class='ocrx_word' id='word_1_133' title='bbox 445 2312 556 2369; x_wconf 86' lang='lat' dir='ltr'><strong>fere</strong></span> <span class='ocrx_word' id='word_1_134' title='bbox 595 2324 820 2388; x_wconf 81' lang='lat' dir='ltr'><strong>semper</strong></span> <span class='ocrx_word' id='word_1_135' title='bbox 863 2313 1053 2382; x_wconf 84' lang='lat' dir='ltr'><strong>breve,</strong></span> <span class='ocrx_word' id='word_1_136' title='bbox 1117 2314 1216 2370; x_wconf 89' lang='lat' dir='ltr'><strong>sed</strong></span> <span class='ocrx_word' id='word_1_137' title='bbox 1260 2315 1439 2371; x_wconf 86' lang='lat' dir='ltr'><strong>variae</strong></span> <span class='ocrx_word' id='word_1_138' title='bbox 1494 2315 1717 2387; x_wconf 80' lang='lat' dir='ltr'><strong>formae,</strong></span> 
     </span>
     <span class='ocr_line' id='line_1_22' title="bbox 55 2413 1718 2491; baseline 0.006 -22"><span class='ocrx_word' id='word_1_139' title='bbox 55 2425 355 2469; x_wconf 84' lang='lat' dir='ltr'><strong>transverse</strong></span> <span class='ocrx_word' id='word_1_140' title='bbox 395 2413 725 2489; x_wconf 88' lang='lat' dir='ltr'><strong>ellipticum,</strong></span> <span class='ocrx_word' id='word_1_141' title='bbox 766 2424 860 2471; x_wconf 85' lang='lat' dir='ltr'><strong>aut</strong></span> <span class='ocrx_word' id='word_1_142' title='bbox 897 2417 1104 2491; x_wconf 84' lang='lat' dir='ltr'><strong>postice</strong></span> <span class='ocrx_word' id='word_1_143' title='bbox 1139 2425 1372 2486; x_wconf 89' lang='lat' dir='ltr'><strong>rectum,</strong></span> <span class='ocrx_word' id='word_1_144' title='bbox 1421 2418 1599 2477; x_wconf 86' lang='lat' dir='ltr'><strong>antice</strong></span> <span class='ocrx_word' id='word_1_145' title='bbox 1635 2440 1718 2478; x_wconf 84' lang='lat' dir='ltr'><strong>ro-</strong></span> 
     </span>
     <span class='ocr_line' id='line_1_23' title="bbox 57 2496 1717 2592; baseline 0.005 -22"><span class='ocrx_word' id='word_1_146' title='bbox 57 2496 343 2571; x_wconf 71' lang='lat' dir='ltr'><strong>tundatum</strong></span> <span class='ocrx_word' id='word_1_147' title='bbox 358 2557 371 2582; x_wconf 85' lang='lat'><strong><em>‚</em></strong></span> <span class='ocrx_word' id='word_1_148' title='bbox 447 2526 540 2570; x_wconf 84' lang='lat' dir='ltr'><strong>aut</strong></span> <span class='ocrx_word' id='word_1_149' title='bbox 609 2517 914 2586; x_wconf 83' lang='lat' dir='ltr'><strong>cordatum,</strong></span> <span class='ocrx_word' id='word_1_150' title='bbox 990 2528 1083 2574; x_wconf 80' lang='lat' dir='ltr'><strong>aut</strong></span> <span class='ocrx_word' id='word_1_151' title='bbox 1139 2520 1323 2574; x_wconf 84' lang='lat' dir='ltr'><strong>antice</strong></span> <span class='ocrx_word' id='word_1_152' title='bbox 1393 2528 1717 2592; x_wconf 84' lang='lat' dir='ltr'><strong>truncatum,</strong></span> 
     </span>
     <span class='ocr_line' id='line_1_24' title="bbox 60 2607 1719 2698; baseline 0.007 -25"><span class='ocrx_word' id='word_1_153' title='bbox 60 2616 196 2673; x_wconf 82' lang='lat' dir='ltr'><strong>adeo</strong></span> <span class='ocrx_word' id='word_1_154' title='bbox 247 2618 519 2685; x_wconf 83' lang='lat' dir='ltr'><strong>excisum,</strong></span> <span class='ocrx_word' id='word_1_155' title='bbox 582 2619 640 2673; x_wconf 89' lang='lat' dir='ltr'><strong>in</strong></span> <span class='ocrx_word' id='word_1_156' title='bbox 688 2637 798 2674; x_wconf 86' lang='lat' dir='ltr'><strong>uno</strong></span> <span class='ocrx_word' id='word_1_157' title='bbox 845 2619 1143 2698; x_wconf 86' lang='lat' dir='ltr'><strong>specimine</strong></span> <span class='ocrx_word' id='word_1_158' title='bbox 1180 2621 1358 2679; x_wconf 83' lang='lat' dir='ltr'><strong>antice</strong></span> <span class='ocrx_word' id='word_1_159' title='bbox 1395 2607 1719 2694; x_wconf 46' lang='lat' dir='ltr'><strong>truncatum)</strong></span> 
     </span>
     <span class='ocr_line' id='line_1_25' title="bbox 57 2721 1718 2795; baseline 0.008 -22"><span class='ocrx_word' id='word_1_160' title='bbox 57 2729 348 2775; x_wconf 80' lang='lat' dir='ltr'><strong>retrorsum</strong></span> <span class='ocrx_word' id='word_1_161' title='bbox 373 2721 449 2775; x_wconf 86' lang='lat' dir='ltr'><strong>ita</strong></span> <span class='ocrx_word' id='word_1_162' title='bbox 474 2721 801 2795; x_wconf 82' lang='lat' dir='ltr'><strong>elongatum,</strong></span> <span class='ocrx_word' id='word_1_163' title='bbox 839 2732 902 2778; x_wconf 87' lang='lat' dir='ltr'><strong>ut</strong></span> <span class='ocrx_word' id='word_1_164' title='bbox 925 2723 1094 2779; x_wconf 86' lang='lat' dir='ltr'><strong>forma</strong></span> <span class='ocrx_word' id='word_1_165' title='bbox 1121 2724 1381 2781; x_wconf 88' lang='lat' dir='ltr'><strong>obconica</strong></span> <span class='ocrx_word' id='word_1_166' title='bbox 1409 2727 1535 2784; x_wconf 89' lang='lat' dir='ltr'><strong>inde</strong></span> <span class='ocrx_word' id='word_1_167' title='bbox 1557 2729 1718 2786; x_wconf 84' lang='lat' dir='ltr'><strong>orire-</strong></span> 
     </span>
     <span class='ocr_line' id='line_1_26' title="bbox 58 2810 1717 2907; baseline 0.008 -32"><span class='ocrx_word' id='word_1_168' title='bbox 58 2830 162 2890; x_wconf 87' lang='lat' dir='ltr'><strong>tur,</strong></span> <span class='ocrx_word' id='word_1_169' title='bbox 197 2822 401 2878; x_wconf 78' lang='lat' dir='ltr'><strong>osculis</strong></span> <span class='ocrx_word' id='word_1_170' title='bbox 436 2843 650 2900; x_wconf 90' lang='lat' dir='ltr'><strong>semper</strong></span> <span class='ocrx_word' id='word_1_171' title='bbox 684 2826 891 2900; x_wconf 81' lang='lat' dir='ltr'><strong>magnis</strong></span> <span class='ocrx_word' id='word_1_172' title='bbox 927 2827 986 2882; x_wconf 90' lang='lat' dir='ltr'><strong>in</strong></span> <span class='ocrx_word' id='word_1_173' title='bbox 1023 2826 1231 2900; x_wconf 82' lang='lat' dir='ltr'><strong>angulis</strong></span> <span class='ocrx_word' id='word_1_174' title='bbox 1265 2829 1461 2904; x_wconf 88' lang='lat' dir='ltr'><strong>positis</strong></span> <span class='ocrx_word' id='word_1_175' title='bbox 1497 2842 1661 2907; x_wconf 90' lang='lat' dir='ltr'><strong>caput</strong></span> <span class='ocrx_word' id='word_1_176' title='bbox 1682 2810 1717 2888; x_wconf 24' lang='lat' dir='ltr'><strong>&#39;a</strong></span> 
     </span>
     <span class='ocr_line' id='line_1_27' title="bbox 59 2922 1719 3014; baseline 0.009 -37"><span class='ocrx_word' id='word_1_177' title='bbox 59 2922 195 2979; x_wconf 82' lang='lat' dir='ltr'><strong>facie</strong></span> <span class='ocrx_word' id='word_1_178' title='bbox 230 2925 502 2981; x_wconf 85' lang='lat' dir='ltr'><strong>terminali</strong></span> <span class='ocrx_word' id='word_1_179' title='bbox 539 2925 841 3014; x_wconf 71' lang='lat' dir='ltr'><strong>spectatur-n</strong></span> <span class='ocrx_word' id='word_1_180' title='bbox 876 2940 1215 3005; x_wconf 82' lang='lat' dir='ltr'><strong>tetragonum</strong></span> <span class='ocrx_word' id='word_1_181' title='bbox 1250 2933 1620 3001; x_wconf 81' lang='lat' dir='ltr'><strong>reddentibuS‚</strong></span> <span class='ocrx_word' id='word_1_182' title='bbox 1659 2942 1719 2992; x_wconf 83' lang='lat' dir='ltr'><strong>et</strong></span> 
     </span>
     <span class='ocr_line' id='line_1_28' title="bbox 60 3013 1715 3111; baseline 0.008 -32"><span class='ocrx_word' id='word_1_183' title='bbox 60 3025 295 3081; x_wconf 78' lang='lat' dir='ltr'><strong>rostello</strong></span> <span class='ocrx_word' id='word_1_184' title='bbox 334 3013 365 3083; x_wconf 77' lang='lat' dir='ltr'><strong>e</strong></span> <span class='ocrx_word' id='word_1_185' title='bbox 401 3029 580 3084; x_wconf 89' lang='lat' dir='ltr'><strong>media</strong></span> <span class='ocrx_word' id='word_1_186' title='bbox 616 3030 750 3088; x_wconf 85' lang='lat' dir='ltr'><strong>facie</strong></span> <span class='ocrx_word' id='word_1_187' title='bbox 787 3033 962 3089; x_wconf 79' lang='lat' dir='ltr'><strong>antica</strong></span> <span class='ocrx_word' id='word_1_188' title='bbox 1006 3023 1386 3110; x_wconf 83' lang='lat' dir='ltr'><strong>proveniente,</strong></span> <span class='ocrx_word' id='word_1_189' title='bbox 1446 3025 1715 3111; x_wconf 61' lang='lat' dir='ltr'><strong>subcylinss</strong></span> 
     </span>
     <span class='ocr_line' id='line_1_29' title="bbox 62 3125 1716 3215; baseline 0.009 -34"><span class='ocrx_word' id='word_1_190' title='bbox 62 3125 230 3193; x_wconf 77' lang='lat' dir='ltr'><strong>dricn,</strong></span> <span class='ocrx_word' id='word_1_191' title='bbox 266 3128 435 3204; x_wconf 48' lang='lat' dir='ltr'><strong>apice*</strong></span> <span class='ocrx_word' id='word_1_192' title='bbox 457 3130 514 3186; x_wconf 90' lang='lat' dir='ltr'><strong>in</strong></span> <span class='ocrx_word' id='word_1_193' title='bbox 551 3134 811 3191; x_wconf 88' lang='lat' dir='ltr'><strong>nodulum</strong></span> <span class='ocrx_word' id='word_1_194' title='bbox 848 3146 1035 3203; x_wconf 85' lang='lat' dir='ltr'><strong>aucto,</strong></span> <span class='ocrx_word' id='word_1_195' title='bbox 1071 3156 1235 3214; x_wconf 84' lang='lat' dir='ltr'><strong>quam</strong></span> <span class='ocrx_word' id='word_1_196' title='bbox 1273 3145 1437 3215; x_wconf 81' lang='lat' dir='ltr'><strong>caput</strong></span> <span class='ocrx_word' id='word_1_197' title='bbox 1472 3135 1716 3196; x_wconf 86' lang='lat' dir='ltr'><strong>breviore</strong></span> 
     </span>
     <span class='ocr_line' id='line_1_30' title="bbox 32 3218 1716 3316; baseline 0.009 -33"><span class='ocrx_word' id='word_1_198' title='bbox 32 3273 34 3275; x_wconf 91' lang='lat'>.</span> <span class='ocrx_word' id='word_1_199' title='bbox 63 3238 119 3284; x_wconf 83' lang='lat' dir='ltr'><strong>et</strong></span> <span class='ocrx_word' id='word_1_200' title='bbox 152 3231 219 3285; x_wconf 86' lang='lat' dir='ltr'><strong>ab</strong></span> <span class='ocrx_word' id='word_1_201' title='bbox 256 3230 364 3289; x_wconf 86' lang='lat' dir='ltr'><strong>hoc</strong></span> <span class='ocrx_word' id='word_1_202' title='bbox 400 3232 461 3289; x_wconf 87' lang='lat' dir='ltr'><strong>in</strong></span> <span class='ocrx_word' id='word_1_203' title='bbox 498 3234 613 3293; x_wconf 86' lang='lat' dir='ltr'><strong>basi</strong></span> <span class='ocrx_word' id='word_1_204' title='bbox 650 3218 747 3294; x_wconf 85' lang='lat' dir='ltr'><strong>sua</strong></span> <span class='ocrx_word' id='word_1_205' title='bbox 781 3241 944 3296; x_wconf 86' lang='lat' dir='ltr'><strong>modo</strong></span> <span class='ocrx_word' id='word_1_206' title='bbox 969 3242 1193 3316; x_wconf 84' lang='lat' dir='ltr'><strong>vaginae</strong></span> <span class='ocrx_word' id='word_1_207' title='bbox 1216 3240 1562 3309; x_wconf 84' lang='lat' dir='ltr'><strong>circumdato,</strong></span> <span class='ocrx_word' id='word_1_208' title='bbox 1601 3240 1716 3298; x_wconf 88' lang='lat' dir='ltr'><strong>fere</strong></span> 
     </span>
     <span class='ocr_line' id='line_1_31' title="bbox 45 3318 1716 3420; baseline 0.01 -34"><span class='ocrx_word' id='word_1_209' title='bbox 45 3318 277 3408; x_wconf 59' lang='lat' dir='ltr'><strong>vsemper</strong></span> <span class='ocrx_word' id='word_1_210' title='bbox 332 3345 560 3393; x_wconf 83' lang='lat' dir='ltr'><strong>exserto.</strong></span> <span class='ocrx_word' id='word_1_211' title='bbox 606 3339 854 3398; x_wconf 66' lang='lat' dir='ltr'><strong>Cbblum</strong></span> <span class='ocrx_word' id='word_1_212' title='bbox 907 3343 1134 3401; x_wconf 84' lang='lat' dir='ltr'><strong>nullum.</strong></span> <span class='ocrx_word' id='word_1_213' title='bbox 1206 3343 1456 3403; x_wconf 77' lang='lat' dir='ltr'><strong>Articuli</strong></span> <span class='ocrx_word' id='word_1_214' title='bbox 1499 3360 1716 3420; x_wconf 83' lang='lat' dir='ltr'><strong>semper</strong></span> 
     </span>
     <span class='ocr_line' id='line_1_32' title="bbox 50 3433 1396 3500; baseline 0.004 -5"><span class='ocrx_word' id='word_1_215' title='bbox 50 3433 56 3441; x_wconf 71' lang='grc'>’</span> <span class='ocrx_word' id='word_1_216' title='bbox 1370 3442 1396 3500; x_wconf 87' lang='lat' dir='ltr'>I</span> 
     </span>
    </p>
   </div>
  </div>
 </body>
</html>
