2111 3622
733 181 1132 242 ...93-

97 320 313 376 nemini
360 339 488 375 sane
538 320 595 374 in
643 329 882 374 mentem
928 318 1135 384 veniet,
1183 321 1463 374 transitum
1506 321 1651 378 illius
1698 324 1755 378 in

112 424 174 476 B.
213 424 478 479 nodosum
521 443 714 494 negare
763 441 872 476 non
916 441 1219 497 possumus.
1308 422 1389 475 Cl.
1437 424 1755 492 Nitzsclz',

113 524 347 580 Naturae
385 526 665 580 Scrutator
700 545 973 591 summus,
1023 543 1083 579 se
1124 523 1278 579 istius
1324 525 1633 583 mutationis
1671 550 1756 584 ve-

110 629 324 682 ritatem
361 647 576 702 prorsus
614 627 890 700 probatam
926 626 1122 681 habere
1160 626 1215 695 (l.
1256 631 1321 696 c.)
1368 627 1545 700 palam
1581 640 1758 702 protu-

108 731 194 795 lit,-
235 750 336 784 nec
381 749 509 784 sane
552 729 737 784 beatus
800 729 858 784 B
870 749 1128 783 rem-ser
1172 728 1330 801 hujus
1382 729 1462 783 rei
1520 730 1759 788 adversa-

107 832 248 885 rium
276 835 317 903 ¹)
365 852 422 886 se
472 851 594 905 erga
639 829 1105 906 Radolphium
1154 831 1496 900 declarasset,
1545 833 1593 888 si
1639 835 1757 909 ipse

108 934 362 989 transitus
401 934 702 1008 specierum
737 933 976 989 vidisset.

250 1035 326 1090 Ut
362 1037 556 1092 veritas
594 1036 718 1089 facti
753 1056 881 1091 vero
906 1035 1032 1102 ill-is,
1072 1037 1164 1111 qui
1192 1038 1490 1104 occasione,
1521 1037 1756 1094 Schisto-

107 1137 391 1213 cephalum
431 1137 771 1191 examinandi
808 1143 1040 1206 (taceam
1079 1139 1144 1192 de
1183 1137 1409 1211 Ligulis)
1454 1139 1759 1216 formasque

106 1245 220 1315 ejus
269 1241 530 1306 diversaS‚
577 1239 796 1295 stabiles
844 1249 899 1294 et
948 1242 1279 1297 transitorias
1338 1244 1756 1318 contemplandi,

105 1343 346 1399 destituti
384 1343 515 1409 sint,
565 1341 738 1396 adhuc
774 1343 943 1416 magis
981 1354 1035 1398 et
1072 1344 1265 1400 clarius
1302 1345 1547 1419 patefiat,
1585 1356 1758 1404 status

106 1449 221 1520 ejus
249 1446 504 1512 diversos,
543 1445 620 1499 uti
643 1446 698 1499 in
727 1447 880 1520 copia
919 1447 1276 1520 speciminum
1311 1449 1373 1501 ab
1403 1469 1513 1502 am:
1542 1448 1757 1504 Sclzil-

104 1548 325 1621 lingio
379 1547 647 1622 Gryphiae
703 1548 759 1601 in
812 1548 1082 1604 intestinis
1130 1548 1279 1603 Lari
1325 1551 1634 1624 capistrati
1680 1553 1758 1607 in-

103 1658 261 1704 venta
317 1659 370 1704 et
415 1650 479 1703 ab
541 1651 747 1725 optimo
802 1649 1259 1706 Ilornsclzuclz
1304 1653 1566 1709 benevole
1622 1655 1756 1709 mihi

103 1753 412 1807 transmissa
450 1753 741 1816 observavi,
779 1752 867 1807 hic
904 1754 1160 1827 allegabO.
1236 1756 1399 1830 Erant
1437 1755 1711 1811 nimirum.

214 1858 267 1923 1)
306 1855 532 1911 Vermes
582 1857 847 1930 depressi,
899 1877 1020 1910 cum
1067 1867 1122 1911 et
1164 1858 1283 1912 sine
1328 1859 1479 1913 sulco
1529 1859 1757 1933 longitu-

319 1958 483 2012 dinali
520 1959 700 2012 medio
739 1969 791 2014 et
827 1960 945 2014 sine
983 1959 1327 2016 foraminibus
1367 1962 1730 2017 articulorum.

207 2063 262 2131 ⁶2)
300 2061 526 2116 Vermes
565 2062 712 2136 plani
758 2082 880 2116 cnm
929 2063 1069 2117 linea
1121 2063 1370 2137 utrinque
1419 2065 1598 2119 media
1644 2065 1757 2119 lon-

316 2149 600 2236 giiudinali
634 2165 892 2239 impressa
930 2186 1051 2220 cum
1090 2167 1434 2222 foraminibus
1472 2167 1529 2222 in
1568 2169 1753 2223 articu-

316 2267 493 2321 lorum
531 2267 696 2321 latere
737 2268 920 2343 altero.

209 2369 270 2436 3)
310 2368 376 2423 V.
428 2369 575 2442 plani
626 2390 748 2423 cum
798 2371 940 2425 linea
989 2371 1234 2425 mediana
1283 2372 1544 2436 elevata,
1597 2374 1754 2429 inter-

320 2471 464 2536 dum,
515 2472 609 2525 sed
648 2492 758 2525 non
805 2493 1035 2547 semper,
1087 2474 1435 2545 nigrescente,
1488 2476 1754 2531 foramini-

316 2571 416 2625 bus
454 2573 509 2626 in
548 2575 728 2628 medio
756 2576 1116 2642 articulorum,
1156 2587 1211 2630 et
1236 2578 1510 2633 nonnullis
1548 2579 1604 2634 in
1639 2599 1752 2654 spe-

318 2674 602 2732 ciminibus
640 2678 778 2732 serie
815 2679 1196 2737 lemniscorum
1234 2680 1444 2753 insigni.

206 2776 260 2848 4)
302 2775 366 2831 V.
417 2779 564 2852 plani
611 2800 734 2833 cum
780 2782 1001 2835 nodulis
1047 2782 1309 2836 debilibus
1358 2785 1414 2836 in
1461 2783 1641 2839 medio
1678 2806 1752 2840 ar-

313 2880 598 2934 ticulorum
649 2891 700 2935 et
748 2883 834 2938 hic
884 2894 936 2938 et
980 2885 1094 2938 illic
1145 2906 1211 2939 ex
1257 2886 1362 2940 illis
1412 2888 1750 2963 prominente

315 2981 595 3038 lemnisco.

242 3082 514 3140 Habemus
552 3086 638 3140 hic
677 3085 923 3142 informa
952 3091 1121 3164 prima
1164 3100 1215 3144 et
1243 3093 1475 3145 secunda
1516 3091 1748 3146 Schism-

214 3304 256 3354 1)
288 3309 431 3352 aad.
462 3287 657 3371 synopsss
684 3327 729 3372 p.
762 3307 861 3355 459.
894 3309 993 3356 596.
