2111 3622
932 181 1391 271 ‘--30-

353 353 533 408 forsan
589 350 1028 408 adnumerandas.
1115 351 1316 406 Earum
1373 370 1540 407 unam
1588 354 1647 408 in
1695 356 2015 424 ventriculO,

351 457 587 531 reliquas
625 455 929 529 complures
967 455 1023 508 in
1072 454 1349 521 intestin0‚
1397 455 1667 510 interdum
1714 458 1771 512 in
1821 480 2017 534 appen-

354 560 561 616 dicibus
615 558 899 635 pyloricis‚
954 567 1106 632 parte
1167 557 1406 632 corporis
1481 558 1766 616 haerentes
1823 561 2018 618 detexi.

350 663 705 736 Sclzilling
740 671 1015 736 praeterea
1053 660 1349 720 solitariam
1386 660 1444 715 in
1480 660 1576 716 int.
1615 663 1704 718 vel
1743 683 1866 740 app.
1905 666 2016 740 pyl.
2059 644 2061 646 Ι

351 768 593 844 ejusdem
630 765 794 841 piscis
836 764 1008 840 Aprili
1045 783 1233 818 mense
1273 763 1510 819 offendit.

361 858 364 863 ’
492 867 609 924 Hae
647 869 930 924 Ascarides
979 876 1104 924 sunt
1141 887 1364 942 parvae,
1403 867 1548 922 haud
1585 869 1725 924 ultra
1761 870 2018 947 pollicem

350 972 632 1029 dimidium
672 972 883 1027 circiter
919 972 1132 1045 longae,
1171 980 1379 1040 tenueS,
1421 972 1694 1028 candidae.

492 1074 580 1131 De
638 1074 1026 1149 speciminibus
1083 1074 1258 1149 primo
1316 1073 1560 1129 omnium
1623 1074 1693 1143 (d.
1744 1076 1830 1131 20.
1883 1075 2015 1132 Julii

351 1182 512 1251 1823)
549 1179 607 1234 in
653 1178 910 1234 intestino
958 1177 1207 1233 Lavareti
1249 1178 1474 1252 repertis
1521 1178 1806 1252 sequentia
1855 1179 2015 1241 adno-

346 1284 457 1340 tavi
493 1284 550 1338 in
587 1282 861 1337 Diarium:
902 1281 1223 1349 „Ascarides
1259 1281 1414 1337 valde
1443 1301 1656 1357 parvae,
1695 1282 1888 1350 nudae,
1927 1303 2015 1338 an-

345 1398 580 1443 trorsum
618 1386 889 1440 tenuiores
929 1394 1001 1439 ac·
1027 1394 1339 1451 retrorsum,
1378 1385 1546 1438 cauda
1584 1392 1859 1440 attenuata
1897 1406 2015 1441 acu-

345 1489 643 1567 tiuscula&
707 1485 863 1542 Novo
915 1488 1151 1542 examini
1199 1489 1257 1542 in
1303 1486 1497 1562 spiritu
1546 1486 1659 1542 vini
1697 1487 1899 1542 dudum
1937 1509 2016 1545 as-

345 1602 583 1649 servatas
610 1590 949 1664 subjecturus
973 1590 1156 1647 inveni
1195 1590 1252 1645 in
1278 1589 1526 1663 lagenula
1549 1589 1846 1664 specimina
1871 1586 2035 1645 com!

342 1698 519 1772 plura,
556 1693 904 1767 longitudine
950 1714 979 1747 a
1029 1694 1232 1749 duabus
1284 1713 1408 1748 cum
1456 1693 1677 1748 dimidia
1723 1713 1896 1768 usque
1946 1694 2049 1747 ad-

346 1800 585 1875 quinque
622 1797 793 1851 lineas
826 1796 1037 1850 circiter
1061 1796 1240 1869 longa,
1279 1797 1462 1850 tenuia
1501 1806 1557 1851 et
1584 1797 1720 1850 alba.
1800 1798 2015 1871 Corpus·

344 1904 456 1958 sere
493 1910 668 1956 totum
706 1900 947 1973 aequalis
997 1882 1285 1981 crassitiei&
1324 1900 1543 1956 nonnisi
1593 1899 1770 1954 antico
1818 1909 1874 1955 et
1919 1921 2012 1975 po-

345 2007 481 2061 stico
519 2005 627 2059 fine
666 2011 960 2069 attenuat0‚
1014 2003 1180 2077 priori
1223 2002 1402 2059 forsan
1439 2003 1604 2078 paulo
1642 2003 1829 2079 magis.
1908 2005 2011 2058 Ca-

337 2118 445 2184 pu?
482 2107 591 2162 fere
629 2115 953 2173 truncatum,
993 2107 1220 2162 valvulis
1260 2107 1384 2171 oris,
1424 2107 1632 2180 reliquo
1663 2125 1887 2181 corpore
1925 2126 2013 2160 an-

346 2209 697 2286 gustioribus,
745 2207 1100 2274 indistinctis,
1160 2209 1433 2263 interdum
1487 2219 1790 2264 antrorsum
1836 2209 2011 2263 latitu-

345 2316 468 2369 dine
506 2313 731 2388 paulum
770 2313 956 2368 auctis.
1036 2312 1241 2367 Gauda
1278 2310 1482 2366 sensim
1521 2320 1809 2378 attenuata,
1861 2311 2011 2365 obtu-

344 2417 580 2474 siuscula
649 2417 739 2470 vel
796 2416 1003 2470 obtusa.
1107 2414 1450 2469 stlembrana
1513 2413 1781 2468 lateralis
1844 2413 2009 2470 nulla.

345 2520 613 2576 Par-iiam
657 2518 1007 2573 internarum
1055 2537 1199 2571 nunc
1253 2518 1320 2571 ob
1377 2517 1700 2592 opacitatem
1748 2517 2012 2571 vermium

344 2632 555 2700 praeter
607 2622 930 2697 principium
994 2621 1107 2674 tubi
1170 2621 1351 2674 cibarii
1409 2621 1557 2675 nulla
1619 2620 2010 2693 distinguenda.

347 2728 501 2783 Anus
539 2735 662 2779 ante
701 2725 867 2778 finem
906 2724 1122 2777 caudae.
2033 2706 2061 2729 Ι

491 2828 743 2882 Secundo
781 2827 963 2881 inveni
1016 2827 1065 2879 d.
1105 2828 1155 2880 S.
1197 2825 1446 2880 Octobris
1498 2824 1741 2897 ejusdem
1791 2824 1916 2878 anni
1954 2824 2011 2879 in

346 2931 632 2987 ‚Lavareti
689 2930 948 2985 intestino
1004 2948 1168 2981 unam
1229 2938 1282 2982 et
1340 2930 1397 2982 in
1454 2927 1751 2984 ventriculo
1813 2927 2012 3001 pariter

346 3055 510 3089 unam
557 3032 895 3097 Ascuridem,
955 3051 1182 3104 quarum
1240 3031 1506 3105 posterior
1554 3030 1731 3084 minor
1781 3039 2009 3104 quatuor

347 3139 543 3203 lineam,
603 3136 732 3190 dum
775 3154 989 3199 recens,
1046 3154 1235 3206 parum
1296 3134 1614 3210 superabat,
1672 3132 1820 3207 prior
1865 3131 2010 3186 haud

347 3241 518 3296 multo
565 3241 737 3311 major
788 3251 917 3291 erat.
1005 3235 1174 3289 Color
1234 3237 1401 3293 albus.
1491 3238 1706 3310 Corpus
1759 3233 2007 3307 utrinque

347 3345 455 3399 fere
495 3341 819 3417 aequaliter,
870 3338 965 3394 sed
1013 3358 1226 3411 parum,
1270 3349 1617 3396 attenuatum.
1695 3338 1881 3410 Caput
1918 3335 2005 3389 ob-
2068 3411 2072 3415 .
