2111 3622
902 151 1382 213 .-76-

246 274 249 277 Δ
281 324 286 326 -
350 284 666 366 templana,
706 291 806 347 hos
844 291 1037 347 frustra
1086 291 1443 367 quaesivisse,
1493 301 1556 348 iet.
1592 301 1710 348 tum
1746 293 2006 369 temporis

349 396 656 461 credidisse,
698 397 860 470 priori
901 397 1272 453 observatione
1309 395 1505 460 salsum
1542 416 1678 452 esse.
1721 402 1741 412 ‘
1892 464 1894 467 Ι

489 498 578 554 De
621 499 873 554 Bistonii
920 499 1091 554 cincti
1137 499 1212 555 B.
1265 499 1462 554 talibus
1507 499 1736 554 eculeis
1785 498 2010 553 dubium

345 621 456 656 non
496 613 592 657 est.
669 602 912 656 *Namin
957 602 1114 658 istius
1162 602 1366 678 speciei
1414 603 1779 677 compluribus
1817 584 2005 657 indivi-

344 707 463 761 duis
502 706 647 760 Julio
688 726 874 762 mense
918 707 1073 761 1825.
1112 706 1169 760 in
1213 706 1280 762 V
1274 707 1452 761 anelli
1486 707 1714 761 cristati
1751 705 2006 783 intestino

343 810 492 864 tenui
519 810 750 864 offensis.
777 811 904 862 dum
922 810 1293 866 recentissima
1315 811 1578 878 intuebar,
1598 811 1804 870 „collum
1825 809 2007 864 etiam-

342 935 448 986 que
489 934 681 988 corpus
720 914 1029 968 aculeorum
1068 914 1308 969 seriebus
1343 924 1545 969 armata
1581 914 1710 983 vidi,
1749 934 1898 989 quas>
1921 913 2008 970 die

339 1026 602 1092 sequente
641 1017 818 1072 denuo
857 1017 1107 1092 detegere
1145 1038 1255 1071 non
1292 1017 1455 1072 valui.

487 1120 754 1176 Possibile
802 1132 973 1186 esset,
1032 1122 1196 1175 etiam
1245 1122 1566 1182 Distomztm
1611 1121 2005 1188 Limamecu-

340 1225 441 1279 leis
482 1224 721 1283 deciduis
760 1225 1083 1279 instructum
1122 1245 1256 1280 csse.
1333 1225 1446 1297 Ego
1488 1223 2005 1298 dole0‚,specimina

339 1349 369 1382 a
408 1349 495 1382 me
535 1329 737 1382 offensa
777 1347 886 1380 non
924 1327 1123 1393 statim,
1174 1337 1461 1401 postquam
1500 1327 1756 1381 intestino
1795 1347 2005 1381 exeme-

337 1452 452 1485 ram
474 1431 953 1504 Vespertiiionum,
995 1431 1360 1499 examinasse3
1399 1432 1453 1484 in
1490 1431 1726 1485 futurum
1755 1431 1822 1484 ad
1859 1430 2004 1485 istud

332 1535 569 1590 maxima
607 1554 730 1589 cura
770 1533 1042 1608 spectabO.

780 1710 1159 1765 PENTAS
1187 1712 1234 1766 T
1261 1710 1549 1765 OMUM.

956 1830 1182 1904 Species
1218 1848 1385 1885 nova.

480 1951 906 2005 Pentastomum
945 1947 1100 2003 Fera
1138 1947 1270 2001 mih.
1283 1948 1318 2002 i.

587 2053 642 2105 P.
698 2051 1037 2126 depressum,
1100 2051 1422 2124 oblongum,
1471 2061 1767 2107 retrorsum
1822 2050 1997 2105 decre-

655 2175 830 2222 scens,
870 2154 1122 2227 utrinque
1164 2154 1434 2219 obtusum,
1486 2165 1786 2209 transverse
1835 2155 1995 2227 plica-

654 2268 807 2324 tum,⁵
857 2258 1184 2330 marginibus
1241 2257 1550 2313 lateralibus
1605 2257 1846 2325 serratis,
1904 2257 1994 2311 ha-

652 2362 815 2416 mulis
855 2362 1089 2434 cujusvis
1128 2361 1245 2436 pori
1283 2362 1521 2416 lateralis
1558 2361 1716 2415 binis.

475 2464 631 2519 Hah.
708 2464 848 2518 Cum
894 2464 1062 2540 hepar
1099 2464 1253 2518 Felis
1300 2464 1641 2519 domesticae
1688 2464 1737 2516 d.
1776 2465 1828 2518 5.
1867 2463 1993 2538 Apr.

333 2568 489 2622 1824.
530 2568 926 2642 perscinderem
964 2568 1136 2641 reperi
1189 2567 1372 2636 (unde
1406 2568 1744 2640 provenisset
1789 2568 1995 2635 nescio)

329 2670 607 2743 specimen
655 2671 893 2737 unicum,
949 2681 1136 2745 postea
1177 2671 1226 2723 d.
1272 2672 1353 2726 18.
1393 2670 1550 2724 Febr.
1592 2672 1748 2724 1825.
1795 2671 1993 2725 iterum

328 2773 484 2827 Felis
519 2773 686 2847 hepar
722 2774 1106 2847 perscrutando
1145 2774 1201 2827 in
1231 2773 1392 2847 hujus
1422 2773 1703 2848 superficie
1731 2774 1990 2848 conspexi

329 2875 676 2930 eminentiam
725 2877 1022 2942 minimam,
1089 2877 1283 2944 albam,
1343 2897 1373 2932 e
1422 2897 1543 2951 qua,
1607 2876 1780 2930 cultro
1829 2877 1990 2932 nimis

327 2979 542 3035 incaute
580 2987 779 3054 aperta,
820 2979 1024 3033 extraxi
1053 2979 1478 3035 Pentastomum
1514 2980 1623 3034 tale
1661 2979 1840 3035 medio
1877 2999 1993 3054 per-

329 3083 574 3138 scissum.

474 3187 675 3240 Descr.
734 3184 1002 3254 Quoniam
1031 3183 1309 3257 specimen
1337 3186 1633 3240 secundum
1662 3185 1822 3239 nimis
1849 3185 1988 3239 male

337 3297 610 3343 {inclutum
651 3297 779 3352 erat,
818 3287 1052 3362 primum
1091 3287 1268 3342 solum
1309 3288 1607 3345 describere
1646 3309 1884 3363 possum.
