2111 3622
742 167 1141 228 ...0-..71-2-

100 304 364 361 Veniebat
420 325 449 359 e
505 306 742 380 corporis
797 314 946 378 parte
1002 304 1137 358 infra
1194 285 1384 379 porliin
1438 305 1749 374 ventralem,

20 481 28 493 l
95 407 191 463 sed
238 426 506 481 nusquam
552 409 733 463 videre
779 407 957 482 potui,
1006 425 1139 464 num
1187 425 1310 459 cum
1355 418 1503 479 parte
1540 409 1749 464 interna

94 510 271 583 aliqua
330 509 632 579 cohareret3
688 530 810 569 eum
872 519 1024 564 utero
1086 518 1226 563 certe
1274 527 1399 562 non.
1493 509 1745 584 Corporis

91 632 189 686 per
236 612 375 668 latus
420 622 707 687 utrumque
755 631 784 666 a
834 630 967 686 poro
1011 610 1237 668 ventrali
1292 630 1465 684 usque
1512 611 1580 664 ad
1627 631 1745 665 cau-

95 715 218 768 dam
273 714 619 787 pellucebant
674 714 881 768 ovccria
934 713 1272 787 glomeratim
1327 722 1633 779 coacervata
1690 723 1773 771 et,

89 816 195 871 iilis
232 816 536 883 subtilibus,
575 825 636 871 ut
671 817 965 883 videbatur,
1002 798 1143 872 inter
1179 837 1238 872 se
1265 818 1564 891 conjuncta,
1604 815 1742 869 alba.

88 918 151 972 In
189 920 330 973 eollo
376 919 487 976 vidi
536 918 784 993 utrinque
834 919 1111 974 decurrere
1156 917 1417 973 canalem
1469 918 1743 973 cibariam

88 1022 210 1075 albo
250 1022 446 1088 colore,
485 1021 621 1075 ultra
661 1030 842 1075 autem
880 1041 1006 1075 eum
1041 1021 1293 1095 persequi
1331 1021 1565 1095 nequivi·

235 1123 471 1179 Goezii
526 1122 894 1195 (Naturgesch.
962 1123 1009 1176 d.
1083 1124 1324 1195 Eingew.
1362 1126 1453 1194 w.)
1511 1122 1627 1197 Fig.
1689 1126 1735 1178 1.

83 1225 216 1279 Ταῦ.
252 1224 400 1279 XIV.
427 1225 825 1299 quodammodo
853 1226 1104 1280 convenit
1141 1247 1265 1280 cum
1290 1226 1559 1282 vermibus
1582 1225 1736 1293 meiS,

83 1327 195 1401 Fig.
235 1330 286 1386 2„
335 1337 518 1382 autem
560 1348 800 1384 vermem
848 1328 1009 1384 nimis
1062 1329 1371 1402 elongatum
1427 1328 1618 1384 sistere
1664 1328 1738 1383 vi-

81 1431 249 1488 detur.
326 1430 611 1485 Caeterum
659 1451 758 1505 per
811 1451 870 1486 se
908 1440 1082 1505 patet,
1139 1431 1546 1495 vasmedium,
1592 1432 1738 1505 quod

82 1542 268 1588 auctor
311 1533 556 1592 laudatus
596 1535 667 1608 (p.
710 1535 853 1602 172.)
902 1534 1144 1596 nominat
1183 1535 1425 1590 canalem
1463 1533 1734 1590 intestina-

81 1637 217 1702 lem,
267 1656 384 1691 esse
431 1645 669 1701 uterum,
722 1646 777 1690 et
825 1646 961 1710 quae
1000 1637 1242 1691 nominat
1280 1657 1408 1704 ova,
1459 1657 1578 1692 esse
1618 1656 1735 1692 ova-

79 1740 278 1792 riorum
330 1759 573 1801 acer-vos.-
651 1737 867 1794 Canalis
916 1739 1280 1794 alimentarius
1342 1739 1504 1794 etiam
1553 1740 1628 1793 ibi
1676 1739 1734 1792 in

80 1842 218 1898 collo
260 1841 424 1898 forma
462 1842 705 1895 striarum
739 1842 960 1894 duarum
1000 1841 1263 1897 indicatus
1305 1851 1400 1902 est,

221 1943 318 1997 His
359 1944 520 1998 modo
560 1943 873 2017 conscriptis
923 1963 1059 1998 nova
1105 1944 1278 1997 adhuc
1315 1965 1373 1998 se
1413 1943 1545 1997 mihi
1587 1943 1732 1997 obtu-

75 2048 252 2104 lerunt
288 2047 343 2104 in
381 2045 645 2101 Distomis
684 2065 879 2105 novem
925 2047 1132 2118 magnis
1181 2046 1237 2099 in
1285 2045 1455 2119 Vesp.
1500 2045 1734 2104 set-otini

75 2151 268 2205 iterum
306 2149 564 2204 intestino
603 2148 651 2200 d.
692 2150 762 2203 <20
800 2147 928 2222 Maji
969 2148 1137 2222 ejusdz
1187 2147 1312 2203 anni
1361 2148 1584 2222 repertis
1625 2168 1731 2202 me-

76 2253 286 2308 moratu
324 2250 650 2324 dignissima,

215 2353 277 2406 In
324 2373 432 2406 uno
482 2353 672 2410 horum
724 2353 1017 2428 specimine
1068 2356 1175 2425 jam
1214 2341 1309 2427 per
1351 2363 1564 2406 noctem
1603 2371 1728 2405 cum

72 2456 299 2516 caeteris,
345 2455 401 2508 in
453 2475 590 2528 aqua
637 2464 848 2509 servato
899 2455 1005 2510 vidi
1047 2465 1221 2509 totum
1269 2455 1471 2508 collum
1520 2466 1572 2508 ct
1619 2474 1723 2507 ma-

71 2578 229 2631 gnam
269 2558 504 2631 corporis
542 2567 750 2632 partem
780 2557 1120 2612 transversim
1158 2557 1505 2615 subtilissime
1543 2557 1725 2612 striata

70 2682 113 2720 s,
150 2670 333 2734 rugata
373 2670 426 2714 et
465 2660 752 2726 crenulata,
793 2660 936 2734 quod
963 2661 1276 2734 adspectum
1303 2659 1539 2715 scabrosi
1576 2679 1724 2735 prae-

69 2762 242 2817 bebat.
339 2762 458 2818 Hoc
515 2763 573 2817 in
638 2763 1023 2818 recentissimis
1080 2762 1306 2818 fortasse
1367 2783 1582 2837 semper
1644 2772 1725 2817 est

72 2868 231 2939 (nam
290 2885 426 2940 aqua
483 2867 803 2923 vermiculos
870 2865 1265 2924 tumefaciendo
1332 2865 1453 2921 illas
1521 2865 1725 2920 debiles

33 3004 35 3007 f
69 2987 224 3040 rugas
262 2968 416 3023 facile
456 2969 653 3038 deleat)
691 2977 746 3022 et
784 2968 1121 3043 praeceptori
1161 2988 1283 3041 meo
1321 2965 1724 3024 veneratissimo

5 3063 10 3065 ’
68 3078 247 3143 potest
316 3079 378 3124 ut
448 3091 545 3143 pro
611 3072 918 3127 aculeorum
992 3072 1232 3128 seriebus
1293 3092 1351 3127 se
1413 3067 1726 3124 vendiderit,

70 3166 198 3244 Ipse
239 3172 431 3228 saltem
479 3172 578 3228 hos
626 3193 890 3253 nusquam
956 3175 1011 3230 in
1067 3173 1173 3230 hoc
1217 3173 1468 3228 Distomo
1523 3170 1728 3245 conspi-
