2111 3622
963 107 1366 169 ...55-

335 249 697 316 obtusissima,
737 267 930 326 corpus
969 269 1144 324 usque
1189 248 1258 302 ad
1295 267 1490 323 porum
1528 250 1849 306 anteriorem
1886 270 2002 307 sen-

334 355 442 415 sim
480 363 829 431 attenuatur-37
852 353 973 408 finis
1002 353 1208 407 anticus
1236 351 1436 426 pariter
1466 353 1692 408 obtusus
1721 364 1816 409 est.
1885 354 2004 410 Col-

336 457 450 511 lum
486 457 694 513 inferne
720 457 1005 531 paululum
1035 456 1373 521 excavatum,
1413 475 1645 529 superne
1685 443 2007 524 convexum,

335 560 494 615 dorsi
538 582 663 636 pars
712 580 881 634 supra
921 576 1116 634 porum
1161 558 1460 614 ventralem
1516 559 1864 615 transversim
1913 559 2009 613 im-

335 683 541 738 pressa,
590 683 794 737 corpus
844 662 1080 737 (proprie
1131 661 1211 717 sic
1265 664 1538 731 vocatum)
1597 661 1654 715 in
1709 662 2010 737 specimine

337 769 554 841 majore'
581 785 815 841 superne
869 756 1031 819 etiam
1085 766 1414 832 convexum,
1463 765 1599 818 infra
1637 765 1748 820 fere
1785 775 2010 834 rectum,

339 870 396 924 in
443 869 656 924 minore
716 869 892 944 primo
955 868 1153 942 pariter
1211 887 1443 943 superne
1495 887 1824 937 convexum,
1884 870 2014 924 dum

339 973 605 1047 posterior
657 955 781 1047 pars
842 991 1063 1027 recurva
1118 981 1215 1027 est.
1286 972 1552 1033 ,Canalis
1618 972 2015 1028 alimentarias

341 1075 721 1132 Distomorum
770 1076 962 1131 solitus
1012 1074 1175 1131 etiam
1221 1074 1311 1130 hic
1356 1075 1510 1130 adest
1557 1085 1612 1131 et
1662 1076 1843 1131 colore
1889 1077 2013 1130 albo

343 1179 710 1234 translucebat
746 1179 804 1233 in
855 1178 1010 1234 vivis.
1095 1177 1319 1233 Ovaria
1368 1178 1552 1233 colore
1590 1179 1729 1234 flavo
1768 1179 2016 1253 insignia.

343 1281 408 1336 In
447 1301 672 1354 corpore
720 1282 1035 1356 speciminis
1092 1282 1310 1354 majoris
1357 1292 1634 1356 praeterea
1682 1284 2016 1358 corpuscula

343 1384 605 1459 elliptica
641 1384 735 1438 illa
776 1383 901 1449 du0‚
944 1386 1218 1458 quaejam
1248 1404 1317 1439 ex
1342 1384 1611 1441 Distomis
1650 1404 1888 1441 concavo
1926 1406 2018 1451 m.,

346 1496 510 1543 ovato
549 1487 647 1550 Iz'„
686 1494 742 1540 et
782 1484 936 1539 Cono
974 1506 1044 1540 m.
1087 1487 1144 1540 in
1185 1486 1624 1570 Obss3mearum
1660 1496 1812 1563 parte
1851 1487 1892 1542 I.
1932 1489 2041 1544 dea

346 1590 556 1665 scripsi,
595 1589 684 1644 hic
721 1589 1023 1662 inaequalis
1062 1590 1447 1663 magnitudinis
1488 1600 1542 1645 et
1576 1591 1879 1664 irregularis
1918 1592 2016 1646 for-

345 1713 485 1760 mae,
527 1693 895 1767 albo-opacae
936 1692 1296 1748 inveniuntur.
1371 1693 1571 1750 Acalei
1618 1713 1884 1769 nusquam
1933 1695 2018 1748 ad-

347 1805 487 1852 sunt.
561 1795 743 1850 Etiam
780 1795 1002 1850 cir-rhus
1040 1796 1208 1852 deest.

427 1926 436 1933 »
502 1897 631 1953 Obs.
675 1901 724 1953 1.
802 1897 863 1952 In
902 1919 1061 1954 muco
1090 1900 1385 1975 oesophagi
1424 1901 1511 1955 vel
1548 1901 1834 1956 ventriculi
1872 1902 2019 1971 (nam

349 1999 494 2054 haud
530 2002 660 2057 satis
699 2002 831 2068 scio,
872 2002 928 2055 in
968 2022 1075 2076 quo
1103 2002 1298 2056 horum
1337 2023 1659 2076 organorum
1696 2004 1831 2058 mihi
1869 2005 2018 2059 obuii

349 2103 567 2174 fuerint)
608 2086 875 2159 Sturionis
915 2103 972 2156 hi
1010 2106 1294 2159 vermiculi
1322 2105 1576 2160 vivaciter
1613 2126 1672 2160 se
1710 2107 2015 2175 movebant,

350 2205 409 2260 in
447 2226 584 2280 aqua
622 2205 809 2279 frigida
852 2216 1035 2261 autem
1071 2209 1178 2262 vita
1218 2228 1405 2263 eorum
1443 2207 1586 2262 haud
1625 2209 1716 2261 diu
1756 2209 1979 2265 duravit.

504 2308 633 2364 Obs.
673 2310 721 2365 2.
799 2309 883 2364 De
935 2311 1234 2384 specimine
1272 2313 1501 2384 majore,
1567 2310 1712 2384 quod
1759 2332 1857 2386 per
1904 2312 2016 2368 stri-

354 2420 560 2474 cturam
598 2411 742 2467 dorsi
782 2423 835 2467 et
873 2433 1065 2488 porum
1102 2415 1401 2469 ventralem
1424 2416 1825 2488 prominentem
1862 2417 2016 2490 quasi

354 2514 411 2571 in
449 2513 581 2569 duas
617 2524 796 2589 partes
847 2517 1078 2572 divisum
1117 2526 1227 2584 est,
1277 2536 1479 2585 nomen
1525 2517 1789 2587 desumsi3
1837 2519 2017 2574 minus

353 2616 632 2690 specimen
670 2617 836 2671 nimia
875 2619 1244 2675 contractione
1282 2619 1416 2675 mihi
1466 2620 1811 2694 aliquomodo
1850 2621 2017 2676 defor-

293 2774 296 2776 .
355 2728 561 2772 matum
600 2739 718 2775 esse
758 2717 983 2775 videtur.

510 2819 639 2875 obs.
679 2824 729 2876 3.
805 2822 890 2876 Ill.
929 2824 1127 2880 chdo
1142 2824 1293 2898 Iphi
1327 2824 1579 2881 Distoma
1603 2824 1871 2880 Sturionis
1899 2826 2017 2880 sola

352 2923 602 2978 rnominat
636 2922 708 2977 D.
747 2926 1224 2998 appendiculatum
1273 2937 1329 2983 et
1374 2928 1676 3003 hispidum,
1729 2947 1855 2984 cum
1903 2927 2017 3002 qui-

356 3025 458 3083 bus
495 3035 676 3082 autem
714 3037 959 3084 nostrum
998 3029 1252 3084 confundi
1289 3031 1523 3105 nequit.;
1574 3079 1577 3081 .
1649 3079 1652 3082 ⁴
1723 3025 1726 3027 ’
