2111 3622
704 154 1105 212 -15-

84 308 229 355 tanta
269 298 421 372 copia
459 298 737 361 vermium,
778 304 972 369 quanta
1011 295 1066 347 in
1105 301 1361 367 tympano
1399 295 1515 349 istis
1553 287 1730 349 oecur-

83 393 234 456 rerat.
311 399 419 454 Sed
470 419 695 456 examen
733 397 995 472 Delphini
1040 395 1145 449 hoe
1183 416 1322 449 anno
1363 395 1578 451 dissecti
1616 418 1736 453 sen-·

82 504 306 558 tentiam
357 502 505 556 illam
551 522 765 577 prorsus
824 499 1180 554 confirmabat.
1272 496 1368 551 Ille
1418 499 1541 556 anni
1588 521 1732 573 prae-

83 607 226 661 teriti
253 615 523 661 caeterum
548 605 709 660 nim-is
735 603 1015 678 putredine
1043 610 1319 673 corruptus
1347 602 1532 667 fuerat,
1573 622 1734 674 quam

84 719 145 763 ut
184 711 297 782 ejus
337 708 599 761 anatomia
642 707 874 761 multum
909 708 1160 779 juvasset,
1201 714 1254 759 et
1289 704 1573 778 pulmones
1609 703 1735 758 inde

87 811 378 873 examinari
416 831 523 864 non
561 817 858 884 potuerant.

230 911 374 969 Satis
422 914 559 968 bene
608 918 953 966 conservatus
1002 909 1171 964 fuerat
1208 918 1391 963 contra
1428 907 1743 981 Delphinus-

85 1014 242 1089 hujus
282 1016 423 1069 anni.
499 1014 695 1068 Denuo
733 1012 792 1066 in
828 1011 1144 1084 Strongylos
1182 1011 1456 1085 inquirens
1494 1009 1593 1064 Vir
1629 1010 1738 1063 lau-

87 1118 239 1173 datus
276 1119 470 1172 iterum
508 1116 564 1169 in
611 1109 780 1188 plexu
816 1132 1018 1169 venoso
1055 1113 1230 1168 fossae
1268 1112 1576 1188 temporalis
1615 1112 1738 1167 dex-

87 1229 199 1274 trae
239 1218 640 1272 multitudinem
679 1236 866 1271 eorum
906 1217 1150 1281 offendit,
1192 1217 1431 1289 adeoque
1467 1225 1618 1289 parte
1657 1233 1738 1270 os-

87 1321 160 1376 sis
188 1321 404 1395 petrosi,
447 1341 582 1395 quae
609 1330 925 1394 tympanum
954 1320 1132 1386 efficit,
1163 1329 1394 1381 exsecta,
1432 1338 1573 1393 pone
1600 1318 1741 1372 hanc

86 1423 506 1478 inveniebantur.
580 1423 795 1478 Sinistri
832 1424 1013 1476 lateris
1050 1423 1252 1478 fossam
1277 1423 1630 1494 temporalem
1667 1431 1742 1476 te-

87 1527 329 1600 gentium
376 1526 625 1580 mollium
674 1535 882 1600 partem
920 1525 1180 1598 partium,
1230 1535 1290 1579 ut
1336 1545 1451 1578 rem
1499 1526 1615 1599 ipse
1665 1525 1741 1579 in-

87 1639 289 1695 tuerer,
333 1629 622 1703 integram,
673 1639 1096 1704 tympanumque
1148 1648 1246 1684 suo
1296 1637 1438 1683 statu
1482 1627 1744 1684 benevole

88 1732 390 1805 reliquerat,
434 1741 488 1785 et
524 1751 611 1785 me
649 1742 931 1804 praesente
970 1733 1141 1786 cultro
1178 1732 1399 1804 plexum
1437 1740 1612 1785 totum
1650 1750 1743 1783 nu-

92 1835 219 1888 dum
252 1826 516 1904 perhibens
553 1834 698 1891 hune
726 1834 1029 1908 Strongylis
1059 1835 1260 1907 ubique
1298 1835 1584 1908 repletum,
1624 1852 1746 1907 pos-

89 1945 175 1990 tea
224 1946 539 2010 tympanum
598 1938 768 1991 cultro
829 1938 990 1990 etiam
1047 1956 1302 1992 exsecans
1352 1937 1455 1991 hoc
1499 1955 1643 2010 pone
1691 1944 1747 1989 et

89 2059 247 2113 supra
294 2039 359 2093 iis
407 2048 612 2109 tectum
669 2041 996 2094 monstravit,
1090 2038 1381 2112 Complura
1431 2039 1742 2112 specimina,

89 2161 314 2215 quorum
367 2151 547 2196 autem
595 2162 848 2197 numerus
884 2162 1123 2216 magnus
1172 2162 1280 2196 non
1331 2152 1458 2208 erat,
1511 2142 1566 2196 in
1615 2160 1745 2196 cavo

89 2244 329 2318 tympani
366 2245 628 2318 jacebant,
675 2246 764 2299 alii
802 2247 857 2300 in
895 2247 979 2301 via
1029 2266 1057 2298 a
1096 2247 1391 2319 posteriore
1432 2256 1484 2301 et
1522 2255 1745 2301 externo

88 2346 253 2400 latere
290 2349 532 2420 tympani
571 2368 761 2402 cavum
797 2350 955 2422 hujus
995 2349 1189 2403 intrare
1228 2351 1405 2403 conati
1454 2348 1745 2422 conspicie-

88 2448 296 2503 bantur.
371 2447 595 2502 Nullum
634 2450 852 2514 dubium
890 2451 976 2505 hic
1015 2452 1243 2506 existere
1268 2462 1477 2525 poterat
1515 2452 1580 2506 de
1618 2471 1745 2507 vero

91 2551 356 2604 vermium
402 2561 705 2606 nostrorum
750 2551 1079 2620 habitaculo,
1127 2555 1363 2618 nullium
1413 2555 1543 2628 quin
1583 2555 1746 2609 simili

89 2652 270 2719 mod0‚
321 2673 428 2726 quo
476 2654 532 2708 in
584 2655 838 2729 puellulis
900 2655 1181 2711 Asearides
1241 2658 1617 2713 vermiculares
1679 2678 1747 2712 ex

91 2774 194 2808 ano
242 2755 560 2811 invulvam
609 2758 932 2832 quandoque
982 2760 1454 2833 transgrediuntur,
1504 2781 1534 2815 e
1581 2761 1747 2834 plexu

90 2875 290 2911 venoso
331 2858 386 2912 in
424 2861 667 2932 tympani
697 2880 886 2916 cavum
916 2862 1262 2918 aberrassent.
1339 2864 1543 2919 Omnes
1571 2864 1746 2918 fossae

92 2968 146 3013 et
194 2961 564 3016 excavationes
613 2964 777 3018 cranii
824 2964 879 3018 in
926 2974 1096 3021 tractu
1143 2965 1285 3020 dieto
1335 2966 1747 3041 Strongylorum

91 3060 284 3133 plenae
323 3072 486 3116 erant.
907 3060 910 3064 ’

235 3162 399 3216 Porro
450 3165 504 3218 in
555 3168 796 3239 ejusdem
833 3169 1095 3245 Delphini
1142 3170 1504 3244 pulmonibus.
1545 3179 1598 3224 et
1636 3171 1749 3243 qui-

38 3271 47 3274 ”
89 3264 212 3318 dem
250 3264 441 3319 horum
490 3267 757 3326 bronehiis
808 3277 915 3326 non
955 3274 1159 3339 solum,
1208 3273 1303 3328 sed
1350 3274 1403 3325 in
1453 3273 1592 3328 vasis
1631 3294 1745 3328 sau-
