2111 3622
711 161 1153 220 -119—

97 297 355 374 panulati‚
394 301 501 372 jam
540 308 662 354 ante
698 298 935 354 medium
973 298 1213 372 corporis
1250 319 1376 354 vero
1413 282 1472 354 hi
1515 300 1752 374 elongari

97 401 426 475 incipiebant
464 410 519 456 ct
557 401 774 457 demum
812 400 1114 475 longissimi
1141 399 1359 466 fiebant,
1398 402 1507 457 fere
1544 413 1754 477 praeter

95 504 335 570 modum,
374 512 437 557 ut
474 503 608 557 adeo
645 512 762 557 tum
798 503 1075 558 tumiditas
1110 502 1363 575 marginis
1403 505 1599 576 postici
1636 525 1751 561 eva-

96 614 341 663 nesceret
377 613 433 660 et
467 614 578 659 tota
617 606 788 660 forma
817 605 1188 680 campanulata
1200 626 1216 674 3
1254 605 1385 659 licet
1412 615 1590 660 autem
1618 607 1752 663 haec

88 709 162 776 in·
189 707 413 776 ultimis,
451 707 620 780 magis
647 708 944 763 rotundatis
978 708 1193 775 rediret,
1233 715 1417 762 tamen
1454 728 1636 781 margo
1672 707 1751 763 tu'-

94 810 297 865 midus.
326 811 506 866 denuo
552 811 644 866 vix
690 810 866 865 fiebat.
951 810 1267 866 Foramina
1309 810 1594 884 genitalia
1640 831 1751 865 non

94 912 232 967 bene
271 912 527 986 distingui
564 922 826 988 poterant.

244 1015 506 1087 Quintam
554 999 704 1071 duos*
736 1015 963 1090 pollices
1000 1033 1189 1088 parum
1240 1015 1534 1083 excedens,
1573 1014 1749 1071 antice

91 1117 271 1172 minus
320 1118 543 1185 subtile,
592 1138 754 1192 quam
809 1119 984 1192 priora
1034 1126 1288 1190 quatuor,
1327 1136 1471 1190 pone
1508 1118 1749 1172 medium

90 1221 230 1274 ultra
267 1220 604 1274 semilineam
652 1220 848 1286 latum,
898 1220 1152 1272 albidum.
1228 1221 1416 1293 Caput
1462 1240 1572 1274 non
1609 1220 1749 1275 bene

92 1330 484 1387 conservatum,
522 1322 632 1376 fere
682 1322 931 1376 conicum
976 1322 1180 1389 visum,
1233 1322 1438 1376 osculis
1482 1322 1749 1398 inconspi-

91 1424 222 1480 cuis.
298 1424 512 1480 Collum
549 1424 792 1479 obsolete
831 1425 1138 1493 discretum,
1176 1425 1392 1480 tenuius
1430 1425 1622 1500 capite,
1662 1445 1747 1480 eo·

92 1527 323 1601 demque
361 1526 452 1582 vix
489 1526 571 1582 bis
620 1527 850 1600 longius.
926 1527 1118 1581 Antica
1156 1548 1278 1601 pars
1327 1530 1566 1600 corporis
1604 1537 1748 1584 statu

89 1630 260 1684 multo
311 1629 482 1701 magis
520 1639 793 1684 contracto
832 1650 890 1685 se
939 1628 1257 1697 exhibebat,
1309 1650 1471 1704 quam
1520 1630 1639 1686 aliis
1689 1631 1747 1685 in

89 1732 472 1806 speciminibus
522 1735 631 1806 jam
681 1732 956 1806 descriptis
971 1753 986 1801 3
1038 1733 1214 1806 primi
1271 1733 1503 1788 articuli
1549 1734 1747 1807 insigni

88 1843 263 1890 tractu
297 1835 600 1891 brevissimi
635 1855 928 1911 paucorum
963 1833 1412 1890 subcuneatorum
1450 1836 1620 1909 magis
1659 1856 1745 1891 ex-

89 1947 391 2005 tensorum,
461 1949 640 1993 tamen
700 1938 861 1993 etiam
919 1937 1189 2005 brevium,
1247 1939 1386 1994 serie
1439 1938 1742 2013 intercepti.

88 2040 231 2095 Tum
267 2040 627 2115 sequebantur
661 2040 976 2098 subcuneati
1016 2042 1179 2096 etiam
1215 2041 1372 2097 valde
1411 2041 1616 2108 breves,
1656 2062 1742 2095 an-

88 2143 229 2216 gulis
266 2142 562 2216 generatim
600 2143 826 2210 obtusis,
876 2152 1059 2218 tamen
1117 2144 1434 2218 saepissimo
1481 2145 1610 2200 satis
1655 2164 1740 2199 ex-

85 2245 376 2313 stantibus,
434 2254 551 2300 tum
606 2245 1095 2320 subcampanulati,
1149 2246 1241 2319 qui
1294 2267 1507 2320 semper
1553 2246 1740 2302 breves

87 2339 391 2414 manebant,
440 2355 613 2422 us‘que
662 2349 729 2402 ad
779 2349 1002 2404 ultimos
1039 2368 1267 2423 paucos,
1309 2369 1537 2422 quorum
1573 2349 1741 2422 longi-

85 2450 217 2504 tudo
253 2449 592 2503 latitudinem
627 2451 752 2523 plus
780 2450 1026 2505 minusve
1065 2452 1366 2524 superabat.
1439 2451 1585 2507 Inter
1619 2452 1739 2507 sub-

88 2553 491 2627 campanulatos
530 2551 652 2606 illos
689 2552 880 2608 unicus
915 2552 1071 2608 valde
1098 2562 1352 2608 extensus
1392 2565 1503 2608 crat
1541 2563 1594 2609 ct
1630 2554 1738 2609 sere

87 2653 541 2728 obcyathiformiS‚
580 2654 708 2708 dum
752 2653 997 2728 proxime
1036 2657 1359 2712 antecedens
1398 2657 1738 2712 subclavatus

85 2766 214 2812 erat.
298 2755 598 2812 Tumiditas
646 2757 900 2831 marginis
959 2759 1155 2833 postici
1203 2759 1448 2813 omnium
1495 2760 1738 2814 articulo-

84 2880 206 2914 rum
239 2859 384 2913 haud
428 2880 646 2933 magna,
694 2860 962 2917 interdum
1005 2860 1179 2928 nulla,
1235 2849 1503 2917 interdum
1549 2866 1735 2937 major.

84 2961 400 3017 Foramina
429 2962 715 3036 genitalia
750 2983 859 3018 non
898 2964 1251 3038 dijudicanda.
1576 2960 1580 2964 ⁴

233 3063 469 3119 Sextum
516 3065 626 3120 fere
675 3066 807 3124 duos
853 3068 1081 3143 pollices
1141 3077 1197 3123 et
1243 3078 1363 3123 octo
1408 3068 1578 3123 lineas
1625 3068 1736 3122 lon-

87 3185 231 3240 gum,
271 3167 443 3221 antice
481 3169 750 3241 capillare,
791 3181 915 3225 ante
951 3171 1118 3226 finem
1165 3171 1436 3245 posticum
1485 3170 1621 3225 circa
1659 3191 1736 3225 se-

90 3269 367 3324 milineam
403 3271 590 3325 latum.
663 3273 856 3347 *Caput
898 3274 1111 3349 longius
1150 3294 1312 3348 quam
1357 3272 1543 3341 latum,
1591 3272 1742 3327 obtu-
