2111 3622
656 195 1095 267 -121-

50 345 157 411 put
193 322 555 404 rotundatum,
594 335 767 390 antioc
804 333 860 386 in
897 331 1077 386 mcdio
1113 341 1456 406 protractum,
1502 331 1706 387 oscillis

57 439 264 512 magni-s
310 440 535 514 posticis
571 438 683 504 hic,
729 442 790 491 ut
825 436 883 488 in
919 433 1139 508 reliquis
1179 435 1590 507 speciminibus,
1627 445 1703 491 tu.

56 543 204 596 mido
241 541 722 614 marginezcinctis.
800 537 1012 591 Collum
1048 536 1211 610 paulo
1248 537 1706 610 tenuium-cont&

57 663 242 709 nuum,
281 663 420 697 num
450 643 516 696 ad
540 655 747 715 corpus
773 641 937 694 etiam
960 640 1305 705 decrescens,
1344 648 1491 693 certo
1530 641 1706 697 dicere-

57 765 286 818 nequeo,
335 745 716 819 c'urngaliquo't
761 743 893 797 locis
941 751 1147 795 torsum
1196 750 1381 797 esset..
1424 741 1710 798 Articulos

58 847 261 922 primos
319 847 634 920 irregulares
696 846 891 901 iterum
950 844 1307 918 sequebantur
1366 844 1708 914 subcuneati,

56 949 231 1022 primo
269 949 599 1017 brevissimi,
626 957 764 1004 vtum
812 947 981 1021 magis
1020 947 1256 1013 extensi,
1307 955 1375 1001 et·
1406 947 1462 1000 hi
1508 949 1712 1005 sensi-m

59 1052 274 1106 abibant
322 1053 402 1106 in.
429 1051 958 1127 su-bcampanulatos‚
1015 1069 1243 1125 quorum
1298 1050 1534 1104 maxima.
1586 1057 1713 1127 pars

58 1164 238 1208 autern
282 1175 453 1228 usque
504 1154 568 1207 ad
615 1154 779 1208 finem
827 1163 1103 1226 tantopere
1162 1152 1371 1206 extensi
1429 1161 1619 1220 erant‚·'
1650 1158 1713 1210 ‘ut

60 1257 336 1330 longitudo
374 1256 714 1310 latitudinem
759 1255 962 1330 pluries
1000 1264 1302 1328 superaret,
1342 1254 1518 1319 *iidemss
1552 1257 1712 1311 subli-

56 1377 244 1412 nearcs
281 1358 472 1413 fierent
510 1368 566 1413 et
603 1365 783 1431 margo
819 1357 1057 1432 posticus'
1086 1357 1321 1412 tumidus
1358 1369 1713 1415 evanesceret.

58 1460 371 1515 Foramina
403 1461 689 1535 genitalia
725 1461 780 1515 in
821 1459 1058 1534 margine
1086 1459 1468 1516 nonnullorum
1506 1470 1715 1519 tantum

60 1562 403 1617 articulorum
439 1563 571 1629 vidi,
607 1584 710 1637 qua
749 1563 1021 1618 tubercula
1060 1582 1219 1636 parva
1258 1564 1635 1636 prominentia.

194 1663 257 1718 In
260 1664 620 1739 fragmentis
640 1665 840 1720 formae
860 1665 1203 1720 articulorum
1226 1665 1523 1741 descriptae
1551 1669 1714 1723 etiam

62 1767 425 1834 occurrebant,
467 1768 765 1843 codemque
795 1767 979 1822 ordine
1007 1788 1066 1823 se
1091 1768 1466 1842 sequebantur.
1541 1769 1715 1828 Unius

59 1870 216 1925 valde
262 1871 439 1943 rugati
485 1880 541 1925 et
589 1871 1147 1938 subcroceo-sordidi,
1198 1871 1322 1946 plus
1372 1878 1534 1946 quam
1580 1873 1718 1932 duos

62 1972 288 2045 pollices
326 1973 472 2046 longi
514 1984 567 2028 et·
605 1975 728 2028 circ.
769 1975 1269 2048 quinque-octavas
1317 1985 1494 2050 partes
1540 1977 1716 2033 lincae

62 2073 176 2141 lati,
217 2074 425 2130 articuli
456 2096 642 2132 omnes
682 2077 936 2151 (posticos
963 2078 1107 2132 solos
1133 2076 1381 2147 habebat)
1419 2079 1529 2134 fere
1567 2081 1716 2148 recti,

62 2176 167 2231 nisi
206 2179 544 2251 corruptione
571 2180 884 2252 irregulares
919 2180 1061 2247 sacti,
1101 2180 1217 2236 sine
1242 2181 1547 2238 tumiditate
1585 2203 1717 2240 mar-

62 2279 198 2352 ginis
236 2280 429 2353 postici
469 2292 633 2337 erant.

131 2403 135 2406 ⁴
211 2382 363 2450 Qua'e
394 2383 467 2436 in
505 2383 779 2439 Buteonis
824 2385 1095 2442 intestinis
1141 2385 1499 2462 Schilling
1544 2386 1718 2463 Aprili

69 2485 222 2539 1827.
278 2494 572 2558 repererat,
633 2495 784 2541 erant
840 2487 1182 2542 solummodo
1245 2490 1350 2545 duo
1406 2489 1716 2563 fragmenta,

69 2606 300 2660 quorum

208 2689 462 2746 Alterum
510 2689 644 2746 duos
698 2691 924 2765 pollices
972 2701 1025 2747 et
1068 2693 1320 2749 undecim
1380 2694 1551 2751 lineas
1608 2695 1720 2752 lon-

63 2811 208 2864 gum,
240 2793 424 2848 ›antice
464 2793 732 2868 capillare‚
771 2803 896 2849 ante
934 2795 1174 2850 medium
1211 2795 1321 2852 fere
1358 2806 1466 2854 tres
1505 2809 1720 2872 quartas

69 2894 255 2950 lineae
281 2905 475 2969 partes,
517 2905 571 2951 et
608 2896 664 2950 in
701 2896 806 2951 fine
853 2898 1063 2971 postico
1103 2898 1225 2954 circ.
1273 2901 1612 2957 semilineam
1647 2904 1719 2957 la-

64 3007 195 3051 tum.
272 2999 515 3053 Articuli
545 2999 719 3072 primi
755 3001 908 3056 valde
956 3002 1183 3069 extensi,
1233 3003 1470 3077 margine
1507 3006 1718 3080 postico

65 3101 290 3163 tumido,
343 3111 651 3173 sequentes.
687 3103 1028 3171 subcuneati,
1081 3106 1430 3173 breviusculi,
1480 3109 1718 3184 margine

64 3202 274 3277 postico
313 3203 736 3272 etiamtumid0,
775 3207 983 3280 angulis
1021 3207 1244 3275 obtusis,
1283 3218 1398 3262 tum
1431 3196 1721 3284 sequentes

66 3304 387 3372 brevissimi,
429 3305 633 3374 obtusi,
682 3310 917 3383 margine
969 3310 1178 3384 postico
1234 3330 1448 3387 semper
1490 3315 1749 3384 tumidO„
