2111 3622
996 151 1400 211 ...16-

369 290 585 365 guiseris
635 291 798 346 etiam
836 289 933 347 Vir
979 292 1308 347 clarissimus
1356 293 1558 349 multos
1595 293 1915 371 Strongylos
1954 296 2027 351 of-

367 393 575 448 sendin-
630 393 863 463 Credidi,
901 415 1027 451 vasa
1055 394 1376 470 Strongylos
1413 394 1647 452 foventia
1686 417 1804 454 esse
1842 419 2025 465 venem,

367 497 466 553 sed
513 498 818 574 suspicans,
859 499 1075 553 arterias
1128 507 1311 554 tamen
1362 499 1525 554 etiam
1573 499 1637 553 ab
1684 500 1752 556 iis
1801 500 2029 557 habitari

369 601 529 670 forte,
589 601 653 655 ab
712 602 884 656 amico
930 599 1250 656 Lam-ero
1305 602 1468 677 petii,
1515 612 1578 657 ut
1622 622 1738 658 rem
1785 615 2029 661 accurate

370 705 715 760 examinaret.
791 704 860 758 Et
897 703 987 757 hic
1023 703 1239 778 reperit,
1271 705 1489 760 arterias
1527 705 1688 773 solaS,
1728 727 1906 782 neque
1944 728 2031 764 ve-

367 829 465 864 nas
512 808 759 874 omnine,
798 805 1141 881 pulmonales
1194 827 1289 863 eos
1327 808 1525 864 fovere.
1602 808 1726 884 Ipse
1765 829 1865 886 ego
1902 830 2031 867 vasa

370 911 671 986 sanguifera
719 910 1038 985 pulmonum
1086 910 1346 965 nonnulla
1384 911 1567 966 forfice
1607 913 1809 986 aperui,
1850 913 2033 969 Stron-

369 1015 632 1090 gylosque
682 1013 739 1068 in
787 1012 853 1068 iis
891 1014 1093 1088 reperi,
1145 1014 1202 1071 in
1255 1033 1443 1070 eorum
1487 1015 1692 1072 truncis
1740 1016 2032 1090 majoribus
2104 1053 2107 1056 -

369 1138 480 1173 non
518 1118 714 1183 solum,
763 1117 860 1171 sed
898 1116 1155 1171 etiam¹in
1191 1118 1353 1174 ramis
1391 1117 1703 1188 minoribus,
1743 1118 1940 1194 partim
1977 1120 2035 1176 in

369 1222 607 1295 glomere
645 1221 981 1287 convolumS,
1020 1220 1219 1294 partim
1257 1230 1510 1276 extensos
1540 1224 1598 1292 1).

514 1323 758 1378 Entozoa
807 1343 932 1396 ergo
987 1323 1045 1377 in
1093 1323 1235 1379 vasis
1294 1324 1609 1397 sanguiseris
1668 1345 1778 1380 non
1834 1326 2032 1394 minus,

371 1446 535 1502 quam
572 1426 628 1480 in
666 1424 779 1478 ullo
819 1424 925 1479 alio
965 1424 1280 1479 animalium
1327 1445 1526 1499 organo
1573 1428 1752 1484 vivere
1792 1439 2034 1504 possunt.

372 1530 474 1586 Hic
513 1548 576 1585 ea
625 1527 885 1584 habemus
936 1548 966 1583 e
1005 1527 1298 1594 mammali,
1344 1548 1446 1582 am.
1521 1528 1822 1585 Barkow
1861 1540 2057 1587 osten-ff

373 1634 453 1688 dit
473 1635 536 1704 ¹2),
573 1630 927 1686 Nematoidea
979 1630 1035 1685 in
1073 1631 1186 1687 avis
1227 1632 1360 1686 adeo
1406 1631 1565 1687 corde
1605 1632 1874 1689 obvenire.
1952 1633 2037 1688 Cl.

371 1738 452 1793 de
487 1736 546 1791 B
557 1755 676 1790 aer
701 1737 742 1805 8)
783 1734 838 1789 in
891 1735 1279 1791 molluscorum
1324 1735 1662 1809 quorundam
1699 1737 1858 1792 corde
1897 1737 2040 1792 dele·

370 1841 454 1897 xit
489 1839 811 1895 Distomum
848 1857 1064 1895 novum.
1143 1838 1447 1909 (Distoma
1483 1839 1831 1914 duplicatum
1869 1839 2038 1912 sihi)

496 2068 543 2123 1)
574 2072 680 2115 Sero
709 2068 768 2112 ad
797 2084 879 2112 nos
907 2067 1121 2129 pervenit
1150 2066 1371 2113 Actorum
1399 2068 1539 2113 Acad.
1570 2069 1707 2131 Leop.
1751 2067 1900 2113 Carol.
1931 2069 2039 2112 Nat.

374 2147 517 2191 scrut.
548 2145 676 2189 XIII.
707 2140 968 2188 Voluminis
999 2140 1191 2184 secunda
1218 2155 1339 2201 pars,
1368 2151 1441 2184 tot
1471 2151 1689 2201 tantaque
1718 2158 1841 2186 nova
1870 2140 1927 2183 de
1955 2143 2042 2184 En-

376 2217 521 2263 tozois
552 2232 576 2259 a
607 2214 662 2259 cl.
693 2215 763 2258 de
790 2216 833 2258 B
843 2232 875 2255 a
888 2230 948 2256 er·
977 2213 1236 2273 conscripta
1267 2213 1516 2267 continens,
1549 2223 1602 2255 ut
1620 2211 1827 2256 nondum
1845 2210 1954 2256 haec
1983 2211 2042 2256 le-

376 2293 547 2352 gissem,
578 2305 680 2333 cum
709 2287 893 2330 Amicus
923 2283 1166 2346 gryphicus
1208 2285 1396 2329 inx'senta
1431 2300 1509 2328 sua
1538 2299 1714 2328 mecum
1743 2285 2042 2329 communica-

377 2364 471 2408 bat.
536 2361 604 2406 Cl.
638 2361 725 2406 Vir
753 2359 830 2404 ille
861 2368 1011 2402 autem
1040 2357 1111 2400 ibi
1149 2358 1242 2418 jam
1279 2356 1463 2416 allegat,
1493 2373 1538 2401 se
1577 2356 1629 2401 in
1649 2389 1652 2392 «
1671 2359 1901 2418 Delphini
1928 2359 2046 2402 Pho-

379 2451 554 2481 caencze
604 2434 759 2492 (germ.
802 2431 1036 2475 nominat:
1083 2429 1388 2487 Braunfisclz)
1426 2431 1544 2475 vasis
1594 2428 1857 2490 sanguiferis
1906 2431 2046 2474 etiam

378 2506 642 2568 Strongylos
671 2506 910 2553 invenisse,
941 2512 987 2546 et
1017 2502 1203 2562 quidem
1233 2501 1366 2546 semel
1396 2518 1454 2546 ex
1483 2504 1577 2563 ejus
1607 2503 1727 2548 vena
1765 2517 1904 2563 azyga
1933 2501 2045 2545 duos

378 2581 689 2641 magnitudine
726 2578 933 2635 insigneS‚
963 2592 1158 2635 quorum
1187 2574 1299 2619 alter
1336 2585 1504 2636 septem
1533 2574 1719 2636 pollices
1749 2574 1906 2635 longus
1937 2572 2045 2616 fuis—

381 2666 459 2704 set,
490 2653 749 2703 extraxisse,
780 2665 917 2710 porro
957 2650 1007 2691 in
1036 2647 1233 2708 ejusdem
1261 2648 1424 2690 arteria
1462 2647 1716 2710 pulmonali
1746 2663 1825 2690 sex
1861 2645 2045 2709 pollices

380 2726 565 2785 longum
597 2725 819 2786 reperisse.

499 2798 582 2841 His
609 2794 736 2839 lectis
767 2793 1045 2853 interrogavi
1082 2793 1543 2834 Rosentlzaliam
1584 2791 1635 2834 in
1673 2790 1863 2840 litteris,
1893 2804 2046 2833 annon

382 2872 478 2933 ipse
509 2872 559 2913 in
587 2869 690 2913 aliis
719 2869 849 2920 vasis,
880 2877 1016 2926 atque
1048 2866 1098 2907 in
1137 2866 1227 2925 jam
1270 2862 1483 2921 allegati&
1521 2879 1692 2908 vermes
1722 2873 1896 2907 nostros
1926 2877 2047 2923 repe·

384 2944 524 2987 risset.
595 2939 860 3000 Respondit,
899 2954 944 2981 se
980 2935 1128 2980 adhuc
1167 2934 1339 2997 reliqua
1379 2953 1480 2997 cum
1519 2933 1766 2980 visceribus
1806 2936 2048 2995 conjuncta

383 3031 491 3061 vasa
518 3023 671 3056 curate
700 3012 1000 3059 examinasse,.
1019 3009 1281 3068 Strongylos
1307 3020 1457 3052 autem
1497 3006 1647 3051 nullos
1678 3007 1915 3051 offendisse
1924 3023 1936 3059 ;
1975 3019 2049 3051 ve—

384 3104 491 3133 nam
521 3099 705 3146 azygam
734 3085 826 3145 jam
855 3083 906 3125 in
936 3082 1191 3124 exsectione
1220 3081 1442 3125 viscerum
1470 3090 1669 3124 amotam
1699 3095 1800 3124 esse.

503 3191 550 3242 2)
582 3192 709 3237 Obss.
739 3205 873 3235 mear.
905 3189 952 3232 P.
985 3191 1022 3232 Ι.
1054 3204 1098 3250 p.
1130 3183 1202 3230 84.

505 3299 552 3350 3)
581 3300 612 3345 1.
642 3317 680 3344 ο.
712 3315 759 3362 p.
792 3293 894 3341 558.
953 3295 1068 3339 Tab.
1098 3294 1259 3340 XXIX.
1292 3293 1385 3353 Εἰς.
1422 3291 1443 3334 1
1467 3312 1525 3323 --
1549 3289 1617 3337 15.
