2111 3622
358 327 504 372 ctum
543 327 599 374 et
634 327 984 393 prostantem,
1025 319 1121 374 sed
1159 318 1373 394 penitus
1411 321 1673 377 contrarie
1698 343 1879 397 margo
1907 324 2014 380 oris

357 420 648 478 introrsum
686 423 968 498 depressus
1006 421 1094 477 hic
1119 423 1313 478 format
1339 422 1562 497 planum
1593 425 1864 494 annulare,
1904 427 2015 496 (ho-

357 524 634 593 rizontale,
683 526 730 582 si
778 526 914 582 velis
962 525 1260 598 marginem
1308 526 1415 582 oris
1461 526 1566 582 Str.
1617 529 1804 583 armati
1849 531 2016 584 nomi-

357 648 486 684 nare
523 629 1031 704 perpendiculariter
1061 631 1320 700 erectum)
1359 631 1506 705 quod
1533 629 1876 686 circumcirca
1909 652 2017 688 me-

358 731 449 786 dio
486 733 746 806 percurrit
783 732 1013 788 circulus
1052 732 1247 799 tenuis,
1288 734 1441 807 quasi
1478 733 1674 788 chorda
1711 734 1926 790 subtilis
1964 743 2021 800 et

359 836 648 908 pellucida.
723 836 932 892 Dentes
979 837 1035 889 in
1073 836 1312 909 margine
1362 837 1498 891 nulli
1537 838 1747 906 adsunt,
1795 837 1892 893 sed
1928 837 2019 892 hic

355 939 594 1014 perfecte
653 939 830 994 nudus
889 948 945 994 et
988 938 1363 1012 integerrimus
1414 949 1512 995 est.
1595 939 1726 996 Pars
1774 939 2019 995 nuchalis

358 1053 591 1110 exstans,
633 1041 698 1098 de
737 1062 843 1116 qua
880 1041 978 1097 Vir
1023 1042 1261 1118 optimus
1300 1043 1464 1097 modo
1502 1043 1810 1100 nominatus
1848 1044 2019 1119 loqui-

355 1156 462 1214 tur,
501 1166 571 1202 ex
608 1165 673 1202 eo
711 1147 831 1221 ipso
872 1155 1119 1220 apparet,
1171 1144 1314 1221 quod
1352 1145 1500 1201 bulla
1537 1147 1743 1203 inferne
1777 1156 2021 1202 truncata

358 1259 457 1316 est,
495 1250 583 1304 hic
621 1269 746 1322 ergo
786 1249 1092 1303 curvamine
1132 1258 1293 1317 caret,
1332 1250 1478 1324 quod
1512 1249 1568 1305 in
1597 1251 1766 1306 latere
1804 1251 2018 1317 dorsali‚

357 1353 606 1419 servavit,
659 1352 752 1406 ubi
800 1351 1036 1424 perfecte
1082 1351 1303 1424 globosa
1353 1363 1451 1421 esl‘,
1501 1354 1582 1409 uti
1620 1354 1677 1408 in
1716 1354 1865 1409 omni
1901 1355 2021 1408 reli-

357 1476 465 1530 quo
515 1456 698 1510 latere.
774 1453 944 1510 Strias
980 1454 1180 1523 (fibras)
1230 1455 1675 1529 longitudinales,
1724 1457 1890 1512 dense
1929 1475 2022 1529 po—

357 1560 503 1624 sitas,
545 1557 964 1631 microscopium
1012 1557 1068 1611 in
1117 1567 1234 1612 tolo
1283 1558 1462 1612 bullae
1501 1558 1706 1612 ambitu
1741 1555 2057 1626 monstrat(

357 1671 538 1716 utrum
582 1661 687 1716 hae
735 1671 916 1715 autern
966 1660 1145 1716 bullae
1195 1661 1418 1735 ipsi'an
1469 1661 1579 1716 cuti
1625 1661 1863 1737 corporis
1902 1683 2024 1718 eam

356 1765 651 1820 obducenti
699 1765 822 1831 sint,
879 1765 1138 1819 extricare
1185 1764 1318 1818 mihi
1371 1783 1481 1819 non
1528 1764 1697 1821 licuit.
1772 1765 1916 1820 Vero
1955 1764 2022 1820 si-

356 1868 487 1923 mile
526 1877 708 1923 tamen
748 1877 848 1935 est,
901 1888 990 1923 eas
1031 1868 1139 1922 cuti
1179 1888 1298 1925 esse
1337 1877 1390 1922 et
1427 1868 1769 1943 ampliandae
1807 1877 1864 1923 et
1899 1887 2021 1923 con·

356 1972 647 2028 trahendae
686 1972 866 2027 bullae
906 1972 1178 2027 inservire.
1256 1970 1383 2026 Vidi
1422 1971 1586 2026 etiam
1624 1971 1680 2026 in
1719 1970 2022 2046 specimini-

357 2075 486 2142 bus,
525 2074 618 2129 ubi
666 2074 813 2127 bulla
863 2095 995 2149 prae
1050 2074 1168 2129 aliis
1216 2074 1488 2148 pellucida
1535 2084 1664 2141 erat,
1713 2075 1868 2149 quasi
1903 2094 2022 2148 pro-

359 2198 545 2237 cessus
585 2177 722 2233 cutis
772 2178 989 2244 breveS‚
1045 2177 1356 2250 regulariter
1399 2177 1605 2251 positos
1653 2177 1709 2230 in
1758 2177 2022 2235 anteriore

358 2282 563 2336 ambitu
599 2280 798 2347 bullae,
852 2279 1149 2351 marginem
1196 2279 1303 2334 oris
1341 2289 1615 2354 petentes,
1666 2279 1812 2334 fibris
1851 2280 2021 2352 magis

358 2383 662 2450 cumulatis,
711 2382 792 2436 uti
830 2383 1008 2449 cred0,
1059 2384 1337 2450 conflatos,
1388 2383 1482 2457 qui
1519 2382 1672 2436 illam
1710 2381 2024 2457 opinionem

359 2488 672 2542 confirmare
708 2485 974 2542 videntur.

504 2590 701 2645 Bursa
745 2590 970 2644 caudae
1025 2589 1317 2645 masculae
1369 2608 1584 2662 semper
1627 2587 1916 2644 reclinatae
1965 2585 2058 2640 in’

359 2693 607 2769 plurimis
644 2692 1030 2766 speciminibus
1068 2693 1174 2747 late
1212 2701 1395 2766 aperta
1435 2690 1635 2744 caudae
1678 2689 1775 2744 fini
1823 2688 1897 2744 ita
1935 2708 2022 2762 ap-

360 2796 535 2871 posita
576 2804 676 2861 est,
724 2804 783 2848 ut
831 2817 953 2869 pars
999 2816 1095 2852 sua
1144 2795 1369 2854 dorsalis
1408 2802 1502 2849 aut
1537 2801 1679 2850 recta
1717 2791 1803 2848 via
1842 2809 2023 2846 excur-

358 2910 457 2966 rat,
507 2906 600 2952 aut
647 2917 771 2952 cum
816 2898 986 2952 latere
1038 2898 1239 2953 caudae
1286 2897 1484 2952 dorsali
1522 2896 1777 2969 angulum
1813 2901 2026 2948 tantum

362 3000 786 3066 obtusissimum‚
834 3000 974 3055 latus
1022 3000 1214 3056 bursae
1252 3000 1490 3057 ventrale
1528 3008 1707 3054 autem
1745 3016 1869 3052 cum
1907 3015 2024 3050 cau-

364 3106 463 3159 dae
513 3104 679 3160 laicrc
727 3103 954 3158 ventrali
1008 3104 1262 3176 angulum
1318 3104 1542 3177 paulum
1586 3109 1805 3157 acutum
1847 3098 2023 3153 faeiat.

363 3208 648 3262 Praeterea
689 3206 743 3259 in
783 3205 950 3259 latere
988 3204 1151 3278 priori
1184 3204 1341 3259 bursa
1372 3204 1581 3278 longior
1619 3213 1674 3261 et
1699 3201 1870 3277 magis
1909 3218 2024 3275 pro-

364 3320 531 3368 tracta
571 3318 670 3377 esf,
720 3328 882 3383 quam
918 3305 976 3362 in
1011 3307 1329 3382 posteriore,
1375 3316 1535 3382 atque
1582 3304 1786 3361 sensim
1823 3303 1888 3357 ab
1927 3301 2025 3357 illo
