2111 3622
985 140 1388 200 ...60-

503 281 823 355 Lortgz'tztdo
881 281 1005 356 plus
1061 281 1307 336 minusve
1366 279 1569 336 lineam
1626 301 1751 337 cum
1797 283 2016 340 dimidia

356 391 473 462 ejus
510 397 659 462 parte
698 395 910 461 aequat,
949 385 1195 439 latitudo
1236 383 1447 438 circiter
1481 383 1683 439 lineam
1721 387 2016 443 dimidiam.

339 484 548 546 Forma
585 490 782 546 vermis
832 488 1072 563 depressi
1109 487 1398 555 subovalis,
1447 498 1599 562 parte
1636 485 2014 546 anteriore'ni-

354 596 553 650 mirum
601 595 762 669 paulo
803 592 1000 666 magis,
1052 611 1213 666 quam
1260 592 1527 665 posterior
1566 602 1672 660 est,
1721 602 2013 662 attenuata;

354 701 461 754 fine
499 707 728 771 utroque
767 697 972 752 obtuso,
1049 695 1238 749 Porus
1276 695 1499 749 anticus
1535 717 1878 773 nequaquam
1913 707 2014 752 ter-

353 802 571 857 minalis
611 811 707 866 est,
748 800 843 855 sed
881 798 1040 872 plane
1093 791 1312 866 inferus,
1365 798 1787 871 longitudinalis‚
1827 800 2016 873 margi-

354 906 512 961 nibus
552 904 788 971 tumidis‚
827 912 953 978 post
990 912 1231 968 mortem
1259 903 1523 969 ventrali,
1577 903 1877 972 orbiculari,
1924 923 2014 978 pa-

353 1011 482 1065 riter
519 1008 757 1081 margine
804 1006 1012 1060 tumido
1060 1006 1268 1072 einet0‚
1319 1009 1503 1080 major.
1590 1006 1653 1061 In
1699 1007 1806 1062 vita
1856 1007 2013 1060 inter-

354 1114 485 1167 dum
523 1111 773 1184 aequales
825 1110 1000 1183 quoad
1047 1109 1475 1182 magnitudinem
1520 1120 1672 1177 sunt,
1721 1110 1855 1164 adeo
1892 1130 2017 1165 ven-

352 1217 505 1273 tralis
543 1215 677 1269 mihi
715 1213 1037 1287 quandoque
1076 1215 1246 1285 major
1293 1213 1438 1267 visus
1493 1223 1591 1268 est.
1670 1214 1885 1268 Collum
1924 1214 2024 1267 cir-v

357 1321 489 1376 cite-r
541 1328 749 1394 partem
796 1316 1010 1370 tertiam
1066 1316 1233 1370 totius
1290 1317 1487 1371 vermis
1539 1326 1782 1390 occupat.
1865 1316 2018 1371 Pone

353 1442 549 1499 por-um
597 1421 837 1474 anticum
886 1418 1063 1472 eidem
1113 1436 1381 1471 annexum
1426 1419 1844 1493 microscopium
1881 1419 2017 1473 mihi

353 1524 671 1582 monstravit
702 1542 902 1598 porum
940 1541 1165 1596 parvum
1201 1522 1528 1595 genitalem,
1568 1542 1598 1576 e
1638 1542 1746 1594 quo
1784 1521 2043 1576 cirrhum‘

353 1639 624 1686 exsertum
678 1636 859 1681 autem
906 1625 1062 1679 nullo
1106 1625 1162 1677 in
1213 1625 1509 1698 specimine
1557 1626 1683 1681 vidi.
1775 1624 2019 1680 Durante-

353 1735 465 1788 vita
514 1730 797 1787 vermiculi
847 1729 975 1784 satis
1024 1728 1282 1802 pellucidi
1330 1738 1482 1794 sunt,
1544 1738 1597 1783 et
1651 1728 1797 1802 quod
1853 1728 2018 1783 etiam

355 1834 716 1910 chdolphi
754 1833 901 1895 dicit,
941 1830 1258 1905 adspectum
1283 1832 1542 1905 praebent
1567 1833 1873 1899 amoenum,
1912 1852 2018 1906 qua

355 1961 515 1996 eausa
553 1938 652 1993 Vir
690 1935 1065 1990 meritissimus
1105 1935 1170 1988 iis
1209 1953 1410 1989 nomen
1448 1934 1523 1991 D..
1559 1923 2018 2008 elegantiumiim*

355 2043 577 2119 putavit.
673 2040 756 2093 Ad
816 2039 1085 2110 margines
1141 2038 1397 2091 nimirum
1465 2039 1726 2092 maculae
1783 2038 2019 2093 albidae

357 2145 638 2202 confertim
677 2141 902 2217 positae,
951 2143 1061 2213 jam
1110 2140 1165 2193 in
1205 2140 1357 2195 eollo,
1385 2139 1708 2213 incipientes
1749 2141 1815 2194 ad
1851 2140 2019 2198 finem

355 2250 628 2326 posticum
673 2265 864 2318 usque,
915 2263 1129 2316 semper
1176 2243 1347 2316 magis
1399 2224 1786 2310 accumulatae}
1837 2243 2017 2298 decur-

357 2364 498 2419 runt,
538 2352 594 2405 in
623 2349 790 2405 cauda
818 2356 999 2400 autem
1029 2347 1202 2400 media
1232 2355 1324 2400 aut
1355 2347 1593 2419 spatium
1623 2346 1852 2400 liberum
1881 2346 2020 2401 inter

357 2479 416 2514 se
453 2457 669 2519 habent,
720 2451 866 2526 quod
902 2450 1199 2524 plurimum
1238 2449 1446 2516 accidit,
1488 2458 1580 2503 aut
1615 2449 1781 2504 finem
1819 2449 2019 2504 caudae

359 2561 582 2616 omnino
624 2556 859 2630 explent,
900 2546 1045 2627 quod
1083 2553 1252 2608 rarius
1292 2573 1410 2608 esse
1439 2552 1665 2606 videtur.
1740 2552 1859 2607 Hae
1895 2562 2021 2608 sunt

358 2663 580 2719 ovaria.
603 2664 642 2729 1)
691 2658 820 2714 V'as
858 2657 1127 2710 rubellum
1166 2656 1222 2709 in
1253 2656 1546 2730 posteriore
1586 2655 1807 2709 dimidio
1835 2674 2017 2728 corpo-

356 2767 430 2822 ris
470 2765 533 2817 ab
571 2763 647 2817 ill.
687 2761 969 2835 Rudolp
984 2760 1053 2814 lai
1092 2760 1432 2815 observatum
1472 2768 1555 2814 est
1597 2768 1802 2825 uterus,
1843 2767 1896 2812 et
1934 2777 2018 2812 co-

481 3017 523 3068 1)
561 3017 668 3064 Vid.
708 3016 1055 3061 Observationes
1104 3014 1379 3059 anatomicas
1425 3015 1480 3059 de
1519 3014 1771 3058 Distomate
1807 3011 2019 3074 hepatico

360 3103 407 3137 et
436 3089 687 3136 lanceolam
726 3088 784 3131 ad
813 3090 1120 3132 Entozoorum
1158 3086 1346 3130 humani
1385 3088 1585 3149 corporis
1623 3084 1861 3145 historiam
1888 3095 2018 3128 natu-

360 3165 506 3216 talem
531 3160 856 3205 illustrandam
879 3160 1058 3220 scripsit
1089 3163 1146 3202 D.
1177 3160 1259 3203 Ed.
1290 3159 1469 3203 Melilis.
1511 3158 1673 3203 Acced.
1714 3158 1830 3202 Tab.
1870 3172 2016 3199 aenea.

362 3236 458 3280 Pol.
489 3236 745 3293 Gottingae.
792 3230 918 3275 1825.
979 3234 1105 3293 Opus
1135 3231 1371 3290 egregium,
1411 3249 1504 3292 quo
1541 3241 1764 3276 structura
1791 3230 2019 3277 Distomo-

365 3326 464 3352 rum
495 3309 545 3353 in
575 3324 730 3364 genere
758 3321 1038 3368 summopere
1068 3303 1356 3348 dilucidatur.
