2111 3622
981 136 1386 197 ...44-

697 370 790 425 De
826 369 1304 444 Eclzinorhytzclzo
1342 372 1660 428 tereticolli.

494 521 577 576 Cl.
632 521 1028 579 VVe'strumb
1086 521 1143 576 in
1195 542 1358 597 opere
1407 544 1534 579 suo:
1581 524 1719 590 „De
1767 524 2016 580 Helmin-

343 625 532 681 thibus
579 624 1119 700 acanthocephalis”
1167 626 1300 682 duas
1359 648 1444 683 res
1505 629 1813 697 contendit,
1881 650 2015 703 quas

341 722 807 784 observationibus
856 729 1179 802 quibusdam
1230 730 1288 783 in
1343 731 1834 804 Echinorhynelzis
1877 741 2014 787 tere-

341 832 628 888 ticollibns
684 853 713 886 e
763 832 1022 887 Salmone
1068 832 1332 890 Lavareto
1391 835 1440 889 d.
1497 836 1549 891 8.
1611 835 1795 890 Octbr.
1855 837 2014 892 1823.

340 937 496 992 factis
533 936 763 991 refutare
801 956 1041 1012 possum.

487 1040 685 1095 Primo
736 1039 891 1094 dicit:
950 1041 1005 1110 (1.
1059 1061 1103 1095 c.
1157 1063 1210 1116 p.
1264 1042 1372 1111 58.)
1425 1062 1521 1110 „se
1572 1041 1846 1109 dubitare,
1883 1063 2016 1096 num

341 1145 593 1200 omnibus
640 1143 1110 1217 Echinorhynchis
1168 1146 1250 1200 vis
1311 1146 1433 1199 data
1483 1147 1580 1213 sit,
1635 1146 2017 1220 proboscidem

338 1268 438 1323 pro
486 1248 662 1302 lubitu
720 1247 1027 1302 retrahendi
1079 1258 1134 1303 et
1182 1250 1495 1315 emitiendi,
1543 1250 1680 1304 tales
1729 1260 1911 1304 molus
1958 1251 2015 1303 in

336 1351 474 1418 illis,
534 1371 766 1424 quorum
824 1351 1103 1423 proboscis
1162 1353 1395 1406 insideat
1450 1353 1633 1407 bullae
1683 1353 2012 1427 sphaericae,

339 1462 434 1508 auf.
470 1474 701 1528 semper,
749 1463 810 1507 ut
857 1454 916 1507 in
954 1453 1153 1509 Proteo
1203 1455 1308 1510 sibi
1358 1453 1548 1522 diclo'’,
1599 1458 1728 1529 (quo
1777 1456 2045 1534 pertinet?

335 1557 471 1613 Ech.
510 1558 827 1614 tereticollis
864 1559 1072 1631 Eud.)
1113 1569 1243 1625 „aut
1278 1569 1532 1634 provecta
1571 1569 1745 1614 aetate
1783 1568 2010 1627 tantum,

337 1662 417 1716 uti
439 1663 495 1716 in
521 1662 652 1715 Ech.
684 1662 1047 1738 polymorpho
1077 1673 1129 1718 et
1146 1662 1606 1737 sphaerocephalo
1628 1663 1687 1717 B
1695 1665 2011 1728 remseri‚

335 1766 428 1822 vix
476 1765 841 1822 admittendos
892 1767 1060 1822 esse.”
1149 1766 1238 1822 De
1284 1766 1371 1823 his
1420 1742 1810 1841 posterioribiis
1854 1766 2010 1821 Echi-

332 1869 664 1944 norhynchis
713 1890 870 1926 careo
918 1869 1413 1938 observationibus,
1463 1871 1521 1924 in
1557 1869 2013 1944 Echinorhyncho

333 1974 625 2028 tereticolli
662 1994 790 2029 vero
827 1975 1209 2029 retractionem
1259 1984 1315 2030 et
1352 1974 1704 2029 emissionem
1741 1973 2013 2048 probosci-

337 2078 420 2133 dis
461 2076 737 2152 conspexi.
812 2076 1003 2132 Fiebat
1051 2077 1181 2143 hoe,
1231 2087 1292 2131 ut
1328 2099 1544 2152 semper
1580 2078 1668 2143 fit,
1718 2097 1843 2130 cum
1891 2097 2009 2151 pro-

334 2182 573 2238 boscidis
619 2180 953 2247 inversione,
1007 2189 1064 2238 et
1110 2189 1222 2234 tota
1269 2180 1548 2254 proboscis
1596 2179 1671 2233 ita
1719 2179 1859 2234 intra
1896 2180 2008 2233 bul-

334 2286 445 2340 lam
497 2284 939 2340 abscondebaizur.
1023 2283 1201 2358 Saepe
1261 2284 1427 2338 etiam
1482 2293 1601 2338 tum
1649 2282 1849 2337 vermis
1900 2284 2006 2336 col-

330 2391 448 2444 lum
483 2388 698 2444 brevius
736 2387 1008 2452 reddebat,
1048 2388 1146 2443 sed
1170 2388 1317 2441 bulla
1355 2387 1461 2441 hoc
1498 2386 1722 2441 minime
1760 2386 2008 2452 inirabat,

333 2494 465 2548 licet
501 2493 609 2547 alio
647 2501 911 2566 tempore,
955 2510 1137 2546 verme
1178 2491 1381 2545 collum
1419 2490 1788 2563 maximopere
1827 2498 2008 2544 exten-

333 2597 513 2664 dente,
540 2596 661 2650 'illa
709 2604 992 2669 tantopere
1040 2603 1431 2668 angustaretur,
1482 2603 1542 2647 ut
1578 2592 1793 2657 collum,
1822 2575 2008 2650 crassi-

332 2698 407 2755 tie
444 2719 636 2774 parum
673 2706 965 2772 superaret.

478 2800 732 2855 Secundo
795 2802 1120 2856 contendere
1178 2820 1341 2874 posse
1386 2799 1581 2867 credit,
1636 2798 2005 2873 Echinorhyn-

333 2905 484 2973 chos,
523 2904 654 2958 dum
679 2905 936 2969 viverent,
976 2905 1181 2978 liquida
1210 2925 1307 2978 per
1333 2914 1513 2958 cutem
1544 2903 1829 2958 absorbere
1859 2902 2004 2956 haud

331 3028 512 3086 posse,
561 3006 836 3081 talemque
886 3007 1289 3081 absorptionem
1335 3006 1551 3062 nonnisi
1602 3016 1728 3080 post
1770 3014 2004 3060 mortem

333 3240 578 3286 Anatomie
623 3237 697 3280 des
729 3237 838 3281 Vers
880 3236 1184 3285 intestinauX‚
1224 3235 1438 3281 Ascaride
1467 3233 1768 3287 lombricoide
1797 3243 1842 3277 et
1869 3230 2002 3276 Echi-

334 3311 606 3373 norhynque
636 3310 800 3365 Geant,
830 3326 912 3373 par
943 3313 977 3357 J
987 3309 1109 3354 ales
1139 3310 1178 3352 C
1188 3309 1273 3370 loq
1286 3328 1318 3353 u
1329 3321 1398 3354 et.
1429 3325 1480 3372 p.
1508 3306 1600 3356 99.)
